3296 5342
961 605 1006 671 48

421 799 519 882 ficat,
567 800 721 887 epitheta
770 801 813 867 ab
862 801 1050 868 hominibus
1097 801 1277 887 agentibus
1312 801 1357 868 ad
1392 802 1525 868 substan·

421 940 548 1025 tivum,
571 964 637 1030 quo
661 942 750 1010 actio
775 942 993 1030 exprimitur,
1016 942 1163 1010 traiecta
1186 948 1275 1009 sunt.
1299 979 1343 991 -
1410 1032 1414 1041 Ι

466 1081 590 1169 Agam.
614 1086 667 1151 53.
692 1084 866 1165 δεμνιοτήρη
890 1083 974 1149 πόνον
997 1082 1167 1164 ὀρταλίχων
1188 1082 1359 1156 ὀλέσαντες.

467 1225 657 1306 δεμνιοτήρης
690 1227 828 1311 „cubile
852 1227 1023 1294 servans!’
1047 1225 1244 1312 Hesychius
1268 1226 1351 1294 baec
1374 1226 1471 1292 verba
1491 1223 1522 1290 de

422 1367 526 1455 pullis
567 1369 662 1437 nidos
701 1369 919 1438 servantibus
953 1368 1212 1456 interpretatur.
1249 1368 1336 1434 Tum
1369 1367 1523 1446 δεμνιοτήρη

423 1507 508 1574 πίνον
540 1510 730 1592 ,ὀρταλίχων
774 1535 835 1599 pro
880 1512 962 1599 ipsis
1007 1511 1110 1600 pullis
1158 1511 1271 1578 eodem
1315 1511 1409 1578 modo
1453 1508 1525 1598 peri·

422 1652 594 1739 phrastice
637 1653 875 1742 explicandum
922 1655 1026 1736 esset,
1064 1674 1104 1720 ac
1138 1652 1261 1719 Phoen.
1298 1653 1354 1718 30:
1388 1651 1436 1715 τὸν
1466 1650 1524 1727 ε’μδι

423 1793 526 1858 ὠδίνων
555 1794 640 1860 πίνον
671 1796 797 1864 dicitur
819 1819 879 1884 pro
903 1796 1052 1879 infante,
1076 1818 1175 1884 quem
1197 1794 1331 1863 Iocaste
1354 1796 1526 1883 pepererat.

469 1938 536 2005 Sed
569 1939 676 2006 multo
709 1938 830 2026 melius
867 1961 940 2005 csse
973 1937 1057 2004 haec
1091 1938 1196 2004 verba
1231 1936 1273 2003 de
1306 1935 1440 2023 perdita
1466 1931 1525 2002 vul-

422 2083 539 2147 turum
580 2103 699 2167 opera,
741 2103 841 2169 quam
888 2081 925 2146 in
966 2079 1157 2146 nutriendis
1199 2077 1303 2165 pullis
1345 2079 1524 2165 posuerant,

424 2221 593 2309 accipere,
639 2222 707 2289 iam
754 2222 904 2310 Stanley
938 2227 974 2289 et
1008 2221 1134 2289 Sohiitz
1169 2228 1380 2287 monuerunt.
1421 2219 1526 2305 ltaque

423 2364 625 2431 vertendum
667 2369 733 2432 est:
780 2365 931 2431 laborem
973 2362 1083 2430 cubile
1126 2369 1319 2430 servantem
1360 2336 1526 2449 pullorum,

428 2505 501 2589 „die
547 2505 773 2573 nesthiitende
820 2505 945 2572 Arbeit
977 2505 1041 2572 mit
1075 2505 1138 2570 den
1174 2504 1353 2590 dungen”·‚
1396 2500 1528 2590 epitheto

423 2645 600 2727 δεμνιοτήρη
646 2669 667 2714 a
709 2647 903 2716 vulturibus
952 2647 1187 2715 laborantibus
1234 2647 1278 2713 ad
1312 2646 1421 2734 ipsum
1452 2645 1530 2712 labo·

424 2812 496 2855 rem
529 2791 684 2857 traiecto.
739 2790 834 2856 Idem
868 2790 1042 2878 epitheton
1076 2789 1251 2856 invenitur
1292 2787 1415 2875 Agam.
1457 2785 1530 2853 1449

426 2931 615 3013 δεμνιοτήρης
638 2938 744 3015 μοῖρα,
774 2956 866 3016 „sors
879 2932 988 2999 cubile
1001 2933 1174 2998 servans.''
1186 2931 1328 2998 Omnino
1340 2928 1530 2997 reiciendum

426 3078 495 3158 est,
520 3075 607 3163 quod
630 3075 835 3142 Dettweiler
857 3075 880 3140 l.
905 3098 932 3141 c.
956 3097 1010 3162 pg.
1037 3076 1078 3140 17
1098 3078 1200 3162 putat
1219 3073 1409 3154 δεμνιοτήρης
1420 3073 1530 3138 διαίνετο

424 3217 594 3304 passivam
624 3216 914 3303 significationem,
947 3215 1135 3303 explicans:
1175 3214 1347 3300 „laborem
1377 3214 1528 3304 pullorum

423 3358 481 3447 qui
517 3359 552 3423 in
587 3358 691 3424 cubili
726 3359 944 3441 servantur'',
984 3381 1074 3443 „sors
1109 3357 1270 3441 alicuim,
1302 3345 1419 3446 quiin
1441 3353 1530 3425 cubili

422 3501 615 3569 servatur”.

467 3643 620 3710 Eandem
664 3642 832 3709 notionem
878 3642 1044 3725 „laboris”
1093 3666 1166 3708 oum
1212 3642 1363 3729 epitheto
1409 3635 1528 3726 agentis

423 3785 630 3854 invenimus:

467 3924 590 4013 Agam.
623 3927 688 3994 330
721 3926 965 4004 νυκτίπλαγκτος
999 3928 1032 3991 ἐκ
1055 3925 1167 4006 μοίχης
1200 3924 1286 3997 τίνος
1309 3935 1417 4001 νήοτις.

423 4067 661 4147 νυκτίπλαγκτοι
689 4069 718 4155 ¹)
748 4070 837 4137 enim
864 4068 1091 4155 „noctivagi'’,
1105 4069 1220 4142 νήστεις
1236 4067 1398 4153 „ieiuni’',
1415 4062 1527 4131 milites

468 4369 497 4447 ¹)
528 4372 606 4432 Idem
642 4372 784 4447 epitheton
820 4373 923 4447 legitur
959 4372 1061 4447 Agam.
1100 4373 1137 4432 12
1176 4376 1383 4439 νυκτίπλαγκτον
1407 4369 1472 4430 ιίιίι
1498 4362 1526 4422 cf.
