3296 5342
683 642 726 708 29

189 833 258 903 Sed
291 857 495 925 quamquam
528 859 646 906 verum
679 835 824 903 fortasse
859 838 927 918 est,
969 833 1052 901 haec
1085 832 1198 900 omnio
1230 833 1268 898 in

144 978 292 1045 solutam
335 979 521 1047 orationem
564 979 613 1047 sic
651 978 835 1048 transferri
874 1000 991 1066 posse,
1025 982 1137 1044 tamen
1174 975 1268 1064 origo

144 1120 310 1189 eiusmodi
360 1121 504 1211 epitheti
546 1145 621 1190 cum
663 1121 877 1190 substantivo
919 1120 1161 1188 coniunctionis
1202 1120 1267 1188 teli

144 1265 430 1355 interpretatione
452 1266 553 1355 plone
574 1289 641 1333 non
662 1265 882 1352 intelligitur.
906 1264 1143 1355 Explicatione
1164 1264 1269 1332 etiam

145 1416 248 1497 egent
282 1409 346 1478 ille
379 1409 533 1499 epitheta
566 1409 766 1498 composite,
801 1432 905 1500 quae,
937 1416 978 1478 nt
1004 1407 1210 1478 Dettweiler
1233 1411 1270 1474 ct

145 1552 313 1619 Romheld
353 1555 493 1642 putent,
538 1553 596 1620 vix
640 1553 790 1642 expediri
824 1560 982 1641 possunt,
1017 1551 1085 1620 nisi
1118 1553 1269 1620 membre

145 1695 374 1778 divellantur,
405 1702 441 1776 et
471 1696 524 1762 ite
553 1695 704 1784 quidem,
728 1701 769 1762 nt
791 1695 939 1762 alterum
961 1696 1145 1761 membrum
1168 1716 1268 1782 gene·

145 1838 215 1905 tivo
238 1838 450 1905 reddendum
474 1839 530 1922 sit,
550 1839 646 1927 prius
666 1843 781 1906 eutem
801 1836 845 1905 od
864 1837 1116 1906 substantivum
1128 1837 1269 1906 accedat

144 1987 318 2070 tamquam
338 1980 439 2048 huius
461 1980 676 2049 attributum.
696 1981 900 2048 Dcttweiler
920 2003 962 2048 ex
979 1978 1151 2069 Aeschylo
1164 1981 1267 2049 citet:

144 2125 237 2215 Sept.
275 2126 341 2192 284
372 2125 573 2204 ἑπτατειχεῖς
604 2122 715 2200 ἔξοδοι,
749 2128 876 2213 septem
898 2124 1065 2191 moenium
1087 2124 1199 2191 exitus
1227 2123 1267 2210 ¹),

145 2266 291 2356 Ghoeph.
335 2267 379 2334 23
423 2264 545 2348 ὀξύχειρ
587 2266 717 2340 κτύπος,
756 2266 922 2334 stridulus
956 2289 1114 2334 manuum
1150 2290 1266 2349 sonus,

145 2409 312 2476 Rtmheld
335 2432 379 2476 ex
400 2407 565 2498 Euripide
589 2434 620 2477 v.
645 2432 672 2504 c.
696 2409 832 2499 Hippol.
857 2411 900 2477 68
931 2363 1130 2492 cerotem
1152 2409 1267 2482 αὐλάν,

144 2552 167 2620 i.
181 2576 209 2620 e.
234 2551 399 2631 εὐδαίμονα
423 2552 537 2634 πατρὸς
560 2550 667 2617 αὐλάν.
690 2553 785 2621 Haec
808 2552 898 2619 enim
920 2553 1161 2642 interpretatio
1183 2553 1268 2620 fines

145 2695 394 2785 compositionis
437 2695 537 2783 longe
571 2696 732 2762 excedere
767 2695 921 2779 videtur,
961 2700 997 2763 et
1028 2695 1267 2784 quodammodo

144 2837 304 2926 congruit
337 2861 412 2905 cum
434 2837 511 2924 lege
534 2836 741 2921 Hermam,
765 2861 866 2926 quom
888 2838 956 2906 iam
979 2840 1020 2905 ab
1044 2838 1144 2905 initio
1166 2860 1222 2926 pg.
1245 2838 1267 2905 2

145 2980 353 3050 reiciendum
380 2980 511 3071 putavi.

189 3125 317 3192 Locum
340 3123 417 3192 Hel.
446 3124 512 3192 154
535 3125 564 3189 ἐν
588 3127 696 3204 φοναῖς
718 3121 920 3204 θηροκτόνοις,
943 3144 1041 3213 quem
1063 3148 1118 3213 pg.
1144 3125 1187 3192 12
1207 3148 1268 3213 per

148 3266 405 3352 „trciectionem
434 3268 477 3334 ab
504 3271 618 3335 actore
642 3267 687 3336 od
709 3267 901 3335 actionem”
937 3265 1064 3333 dictum
1086 3289 1160 3334 esse
1182 3266 1268 3332 indi-

144 3412 314 3496 cavimus,
350 3410 517 3478 Romheld
544 3432 600 3500 pg.
633 3411 696 3478 191
726 3410 778 3478 ita
801 3408 966 3498 explicat,
990 3412 1030 3476 nt
1051 3410 1147 3498 prins
1168 3431 1268 3477 mem·

143 3555 242 3622 brnm
264 3576 327 3642 pro
350 3553 509 3640 genetivo
532 3553 594 3638 sit,
619 3552 766 3621 aiterum
789 3559 903 3620 cutem
927 3552 1092 3636 abundet,
1113 3553 1267 3623 additum

190 3884 218 3965 ¹)
248 3887 279 3947 J.
309 3884 434 3956 Schmidt
463 3902 509 3960 pg.
540 3883 595 3944 19:
622 3882 790 3949 lmthfc
806 3881 887 3949 ’teoto
904 3883 1009 3944 diotnm
1028 3899 1087 3943 esse
1107 3888 1201 3945 censet
1219 3901 1268 3959 pro

145 3993 225 4060 Ιξοδω
243 3993 313 4046 ine
329 3998 438 4061 nixae,
454 3991 556 4066 quibus
574 3990 605 4048 in
623 3991 714 4050 verbis
737 3993 815 4058 τείχη
835 3991 932 4051 latiore
952 3991 1110 4066 significatu
1130 3991 1163 4050 do
1182 3991 1267 4050 turri·

144 4102 198 4160 bno
225 4101 337 4176 occipit
367 4099 444 4170 Quod
473 4098 588 4158 dubium
618 4097 704 4158 videri
733 4101 838 4173 potest,
868 4101 896 4158 et
925 4101 1066 4174 praeterea
1092 4117 1159 4158 sano
1184 4115 1268 4158 eonon

146 4211 228 4267 cmi.
262 4207 392 4267 Fortasse
421 4205 568 4281 legendum
598 4208 641 4266 est
671 4205 847 4270 ὅπατινχεῒς
871 4205 966 4275 diodor,
991 4205 1010 4264 i.
1030 4223 1055 4265 θ,
1084 4207 1153 4257 'trra
1169 4203 1266 4274 ἵξοδσι,

145 4313 297 4375 numeralis
324 4313 444 4374 nominis
471 4330 534 4374 oum
553 4313 749 4373 venustissima
769 4313 1023 4388 circumlocutione,
1043 4313 1149 4387 dequo
1169 4328 1268 4387 genero

147 4422 255 4482 dicendi
273 4421 337 4482 ride
356 4439 404 4500 pg.
426 4423 454 4482 7.
