3296 5342
545 1623 749 1697 CAPUT
786 1626 841 1698 ΙΙ.

173 1967 310 2036 Primus
337 1967 431 2034 Lob
445 1965 530 2034 ech
552 1967 637 2034 bene
660 1966 807 2033 animum
831 1967 983 2036 advertit
1006 1967 1049 2035 ad
1061 1968 1252 2036 liberiorem

126 2108 244 2192 illum,
280 2131 379 2197 quem
413 2107 612 2193 statuimus,
648 2108 875 2196 epithetornm
904 2133 1010 2177 usum.
1045 2110 1141 2179 Dicit
1164 2111 1252 2178 enim

129 2251 175 2320 ad
197 2249 254 2318 Ai.
279 2275 328 2322 va.
353 2253 373 2318 7
399 2277 406 2318 :
441 2245 474 2316 εὖ
498 2250 530 2316 δὲ
554 2250 706 2333 σ’ἐκφέρει
728 2251 811 2324 κυνὸς
834 2251 991 2328 Λακαίνης
1013 2252 1051 2326 ὥς
1074 2277 1121 2326 τις
1144 2251 1250 2335 adparat

130 2393 240 2472 βάσις,
276 2395 347 2481 (nbi
380 2393 501 2462 melius
532 2394 576 2461 ad
608 2417 741 2462 sensum
772 2393 894 2476 εὕρινος,
917 2395 1005 2484 quod
1029 2399 1082 2464 est
1103 2395 1251 2466 nomina·

128 2537 239 2622 tirus,
276 2561 350 2606 cum
385 2538 599 2608 substantivo
622 2537 705 2611 κυνός
728 2538 887 2626 coniungi
909 2539 1059 2628 potuisse
1081 2539 1250 2628 videtur):

134 2682 267 2766 „Poetis
289 2681 459 2750 familiare
483 2686 537 2749 est
560 2681 713 2770 epitheta
735 2680 914 2749 traicere”.

174 2825 242 2894 Sed
272 2846 474 2914 quamquam
497 2828 627 2894 certum
649 2824 760 2895 videri
781 2829 911 2913 potest,
935 2828 1052 2913 poetas
1076 2826 1251 2896 alaribus

129 2969 304 3059 principiis
341 2969 396 3056 (af.
427 2969 495 3036 iam
525 2968 615 3058 apud
645 2967 827 3035 Homerum
851 2967 915 3045 ἐμὰ
937 2967 1032 3042 eahta
1054 2965 1167 3055 θυμοῦ)
1193 2992 1248 3037 ex·

130 3135 221 3180 orsos
245 3111 289 3180 ad
311 3111 471 3180 maiorem
493 3110 725 3180 transferendi
747 3109 924 3178 audaciam
946 3133 1141 3199 progressos
1166 3133 1248 3196 esse,

131 3259 245 3323 tamen
268 3276 363 3322 nemo
385 3254 543 3341 tradidit,
566 3258 607 3321 nt
628 3253 764 3322 Lobeak
786 3259 879 3323 recte
903 3254 1002 3338 dicit,
1027 3255 1147 3343 quibus
1167 3253 1251 3322 haee

132 3421 185 3465 res
218 3401 362 3486 regatur
396 3396 529 3464 finibus.
560 3394 648 3463 Nam
672 3396 831 3464 Jacobs
854 3398 898 3463 ad
919 3399 1045 3466 Anthol.
1069 3397 1139 3464 Pal.
1171 3397 1223 3464 VI
1241 3416 1250 3464 ε

133 3541 196 3607 230
241 3540 363 3621 aaran
407 3540 541 3619 ψήκτρης
586 3547 707 3615 arnapa
752 3537 933 3620 aednaham
975 3539 1013 3605 in
1054 3538 1250 3628 explicando

135 3683 281 3772 epitheto
323 3681 505 3764 σιδηράδετον
547 3680 722 3750 ooniuneto
761 3705 835 3750 aum
870 3682 1083 3751 substantivo
1117 3676 1249 3759 κνῆσμω,

134 3832 265 3895 tantm
298 3826 385 3894 hanc
419 3826 573 3914 regulam
604 3825 797 3894 constitnit:
838 3824 891 3909 „in
915 3824 1165 3913 periphrastiea
1188 3824 1250 3892 cir·

134 3967 373 4038 cnmlocntione
415 3967 589 4057 epitheton
630 3967 827 4058 plerumque
869 3967 1047 4056 copulatur
1087 3989 1161 4034 oum
1194 3988 1249 4050 eo,

134 4112 218 4200 qnod
239 4110 453 4200 periphrasin
476 4111 600 4180 faeit”.

176 4254 292 4346 Neque
314 4253 423 4342 magis
448 4254 691 4324 Matthiae
715 4253 759 4320 ad
779 4253 904 4322 Phoen.
918 4254 961 4321 30
979 4253 1029 4317 τὸν
1048 4252 1119 4330 ἐμὸν
1132 4249 1249 4316 ὠδίνων-

138 4395 226 4472 πὸνον,
250 4397 364 4466 dicens
383 4397 472 4465 huna
488 4397 656 4487 poeticum
674 4395 806 4464 dicendi
825 4419 922 4464 usum
935 4385 983 4463 ibi
995 4398 1129 4466 tantum
1141 4393 1249 4464 locum
