3296 5342
691 651 712 718 ῖ

269 865 321 913 vs.
367 839 467 912 1263·
498 843 683 926 χαλκήλαθ’
706 843 789 910 insa

295 1039 309 1072 ,‚
372 986 457 1056 1305
503 985 694 1070 βαρύβρομον
715 992 801 1065 κῦμα

295 1182 309 1215 „
371 1129 459 1196 1324
503 1127 766 1211 χιονοθρέμμονας
792 1129 923 1203 σκοπιάς

296 1323 311 1356 ,‚
371 1272 457 1340 1347
501 1270 623 1336 τύπανα
638 1271 811 1352 βυρσοτενῆ

296 1467 311 1501 „
372 1416 458 1484 1516
504 1414 686 1492 πεδοστιβεῖ
704 1415 776 1480 ποδί

296 1610 310 1643 ,‚
371 1559 459 1625 1490
502 1557 650 1638 Ὀαρίωνα
672 1559 700 1622 τ’
725 1557 855 1639 ἐννύχιον

297 1752 311 1786 „
373 1699 458 1767 1531
504 1703 576 1773 ναῦς
598 1699 792 1781 πρωτόπλουν

296 1895 310 1928 „
372 1842 458 1910 1485
503 1842 690 1924 καρποφόρον
711 1844 812 1909 πέδιον

132 2007 223 2074 quae
246 1985 360 2052 omnia
380 1984 468 2051 nihil
490 1985 618 2053 habent
635 1985 812 2054 artificiosi
832 2009 894 2054 nec
918 1987 1061 2056 audacia
1079 1988 1256 2077 conspicua

137 2131 227 2195 sunt.

179 2269 371 2358 Utrumque
394 2269 480 2338 enim
505 2270 688 2336 membrum
709 2268 845 2356 plenam
863 2291 957 2337 suam
976 2269 1257 2356 significationem
1283 2353 1285 2360 Α

132 2413 331 2495 conservat,
364 2415 400 2479 et
430 2410 647 2498 compositum
675 2432 812 2498 prorsus
835 2409 954 2477 definit
976 2414 1079 2500 atque
1101 2411 1257 2480 illustrat

133 2551 390 2620 substantivum
418 2552 472 2619 cui
495 2551 686 2641 appositum
707 2557 770 2619 est.
795 2589 836 2600 -

180 2837 369 2925 Elegantia
398 2842 513 2906 autem
545 2838 700 2925 tragicae
733 2836 895 2904 orationis
929 2835 1093 2924 simulque
1116 2837 1256 2904 ubertas

134 2978 272 3047 dicendi
301 2980 506 3068 perspicitur
534 2980 572 3046 in
595 2978 774 3047 adiectivis
798 2977 958 3047 adverbio
980 2976 1149 3044 numerali
1171 2999 1256 3043 com·

137 3120 267 3208 positis.
307 3119 434 3190 Poetae
475 3121 565 3188 enim
597 3119 788 3187 ieiunitatis
821 3117 983 3188 vitandae
1016 3140 1132 3202 cansa,
1169 3141 1255 3212 qnae

138 3262 230 3342 inest
271 3262 308 3330 in
342 3263 487 3351 simplici
520 3262 689 3330 numerali
721 3261 873 3344 notione,
904 3260 1142 3329 venustissime
1172 3283 1256 3328 com·

138 3404 257 3492 positis
279 3405 334 3472 usi
357 3412 447 3473 sunt.
470 3406 643 3472 Habemus
665 3405 702 3471 in
724 3404 858 3471 Helena
879 3404 950 3470 tria
973 3402 1141 3490 exempla:

180 3569 232 3614 vs.
256 3547 322 3613 378
344 3543 366 3612 ῖι
388 3545 506 3628 λεχέων
528 3545 650 3625 ἐπέβας
670 3545 885 3629 τετραβάμοσι
905 3544 1009 3625 yctoxa,
1032 3568 1092 3634 pro
1111 3544 1256 3622 τέτταρσι

134 3686 231 3764 γυίοις
272 3689 331 3756 sed
373 3714 448 3757 cum
487 3691 624 3758 notione
666 3689 859 3773 incedendi,
895 3710 981 3779 quae
1015 3688 1119 3756 etiam
1152 3690 1255 3756 verbo

137 3829 331 3898 continetur
372 3832 427 3926 (pf.
462 3832 586 3900 Phoen.
618 3832 684 3898 809
724 3829 939 3912 τετραβάμοσι
981 3835 1103 3912 χαλαῖς
1133 3829 1256 3912 τείχεσι

134 3973 379 4062 χριμπτομένα).

181 4141 230 4186 vs.
257 4118 343 4185 1127
374 4099 543 4196 μονόκωποο
573 4119 644 4200 ἀνήρ
674 4119 716 4186 de
745 4117 893 4206 Nauplio
916 4117 1060 4201 dictum,
1083 4116 1142 4205 qui
1165 4117 1253 4184 solus

134 4261 261 4330 multas
288 4284 393 4330 naves
417 4261 491 4329 dolo
513 4261 675 4351 perdidit.

179 4426 231 4472 ve.
255 4405 321 4472 ³58
350 4402 481 4486 τρῖζυμοι
501 4401 592 4477 θεαί,
617 4426 678 4492 pro
701 4401 846 4490 simplici
868 4409 947 4483 τρεῖς
966 4398 1049 4468 θεαί.
1080 4399 1253 4483 Minerva,
