3296 5342
656 649 699 715 41

155 841 267 909 Prom.
290 843 356 910 805
380 842 573 924 χρυσόρρυτον
596 847 683 920 νοῐμα
707 845 877 919 Πλούτωνος
900 844 1002 925 πόρου,
1027 869 1088 933 pro
1108 843 1235 926 χρυσόρ-

114 1007 193 1066 ρυτον
228 982 400 1056 Πλούτωνος
435 987 537 1066 πόρον.
571 990 612 1052 ut
642 985 788 1074 Choeph.
823 988 887 1055 366
919 987 1006 1068 παρὰ
1035 985 1237 1069 Σκαμάνδρου

115 1123 209 1206 πόρον,
244 1125 339 1193 Pera.
372 1127 439 1192 493
472 1126 523 1190 ἐπ’
557 1124 663 1203 Ἀξίου
696 1124 792 1208 πόρον.
839 1128 951 1196 Prom.
986 1130 1051 1197 532
1085 1128 1237 1193 Ὠκεοόνου
1290 1100 1292 1108 ‚

115 1268 228 1349 πατρὸς
251 1265 404 1344 όισβεστον
426 1265 522 1348 πόρον.

158 1409 277 1498 Suppl.
301 1411 368 1477 496
392 1413 512 1490 μορφῆς
534 1410 623 1491 etex
646 1409 807 1488 ὁμόστολος
832 1409 935 1490 φύσις.

157 1690 263 1780 Apud
285 1693 561 1783 Euripidem:

157 1835 284 1903 Phoen.
309 1838 374 1904 645
396 1836 633 1916 καλλιπόταμος
655 1837 765 1912 ὕδατος
787 1839 874 1913 νότος.

161 1977 258 2065 Cycl.
283 1980 350 2046 399
373 1979 503 2057 λέβητος
527 1983 568 2054 εἰς
591 1980 679 2053 κότος
702 1984 913 2069 χαλκήλατον.

161 2121 261 2188 Herc.
286 2121 327 2189 F.
350 2123 418 2188 414
440 2121 565 2187 πέπλων
588 2123 805 2204 χρυσεόστολον
829 2124 936 2206 φόρος.

229 2316 243 2348 ‚,
351 2265 417 2331 730
451 2263 589 2346 βρόχοισι
625 2265 766 2347 δὀὶρκόιον
797 2265 991 2349 ξιφηφόροισι
1025 2269 1047 2336 i.
1073 2292 1101 2336 e.
1136 2267 1240 2350 όρκυσι

450 2406 655 2487 ξιφηφόροισι.

160 2548 224 2617 His
247 2547 456 2636 subiungere
478 2574 545 2618 non
571 2551 705 2618 dubito:

162 2693 249 2759 Med.
288 2692 376 2759 1136
418 2692 484 2756 ἐπεὶ
526 2693 634 2758 τέκνων
667 2698 723 2758 σῶν
758 2690 837 2768 ἦλθε
871 2681 1021 2774 δι’πτυχος
1055 2696 1144 2773 γονή,
1179 2715 1241 2783 pro

120 2832 261 2915 δίπτυχα
285 2834 379 2898 τέκνα
401 2835 452 2900 σοὶ.

163 2978 250 3045 Med.
284 2977 372 3043 1335
402 2977 436 3041 τό
462 2978 667 3059 καλλίπρῳρον
697 2978 819 3055 εἰσέβης
848 2981 979 3060 ’Λργοῦς
1001 2977 1139 3059 σκόφος,
1174 2979 1242 3046 nisi

120 3117 153 3182 in
191 3120 247 3186 his
281 3121 411 3199 Ἀργοῦς
445 3143 507 3208 per
540 3121 738 3208 genetivum
775 3121 1034 3205 „definitionis”
1071 3122 1242 3209 explicere

120 3262 319 3346 praestabit.
402 3288 407 3296 ’

162 3400 273 3471 Eleet.
300 3404 387 3471 1348
409 3404 535 3469 σόσοντε
558 3409 625 3468 νεῶν
649 3403 767 3486 πρῴρας
790 3405 913 3479 ἐνάλους
935 3406 958 3474 i.
983 3429 1012 3474 e.
1037 3410 1118 3479 ναῦς.

163 3543 286 3613 Phoen.
315 3545 402 3611 1536
424 3545 579 3625 δυστυχὲς
603 3546 757 3622 emim
780 3545 852 3618 ἔπος
880 3547 909 3634 ¹)

209 3738 223 3771 „
342 3688 408 3754 809
431 3685 555 3768 αόθερος
577 3687 620 3760 εἷς
644 3687 763 3765 όιβατον
786 3693 863 3770 φῶς.

166 3969 204 4036 Β.
250 3968 413 4037 Alterum
442 3994 550 4058 genus
580 3972 855 4060 transpositionis
880 3972 1027 4061 epitheti
1049 3973 1086 4040 in
1108 3996 1146 4041 eo
1170 3998 1245 4042 ver·

126 4117 236 4196 satur,
270 4112 361 4202 quod
393 4113 574 4200 genetivus
605 4119 641 4181 et
663 4115 933 4200 substantivum,
956 4116 1046 4183 unde
1069 4079 1125 4181 iiie
1146 4135 1245 4181 eesus

170 4400 198 4482 ¹)
216 4405 253 4466 of.
274 4404 365 4464 Schol.
390 4406 449 4458 ἀντὶ
466 4409 512 4468 τὴν
529 4406 648 4472 δυστυχῆ
664 4407 805 4472 hypatas.
