3296 5342
908 645 952 711 70

420 835 530 904 Orest.
555 839 598 904 79
621 838 692 919 apte
715 839 806 903 Ἴλιον
828 835 967 903 ἔπλευσα
987 836 1139 916 θεομανεῖ
1157 837 1275 920 πότμῳ.

418 975 588 1056 θεομαννῖς,
615 981 688 1064 „oui
710 1004 731 1047 a
754 981 820 1048 diis
842 981 939 1047 furor
960 981 1127 1048 immissus
1151 990 1221 1065 est,
1247 981 1361 1050 divino
1381 981 1506 1048 furore

374 1121 525 1209 percita”
561 1122 694 1190 Helena
729 1126 790 1190 est.
828 1123 1024 1191 Transeunt
1058 1124 1180 1190 deinde
1211 1126 1316 1191 verba
1349 1121 1511 1201 θεομανεῖ

376 1260 483 1344 πότμῳ
506 1265 542 1331 in
564 1265 733 1333 notionem
758 1264 961 1350 ,,θεομανῖα”,
986 1267 1028 1333 of.
1048 1291 1098 1333 va
1122 1267 1188 1332 845
1210 1267 1334 1343 τλήμων
1353 1266 1504 1348 Ὀρέστης

375 1402 527 1483 θεομανεῖ
545 1405 640 1490 λύτορ
664 1406 793 1491 δαμείς,
817 1408 877 1474 ubi
899 1408 1014 1477 verbis
1038 1405 1188 1485 θεομανεῖ
1207 1405 1303 1488 λύσσῃ
1322 1408 1395 1475 fere
1407 1408 1505 1478 idem

376 1548 590 1635 significatur
612 1573 652 1617 ao
675 1537 825 1628 θεομανεῖ
843 1549 961 1631 πότμῳ.
985 1551 1073 1618 Vide
1086 1549 1174 1639 quod
1186 1573 1289 1638 supra
1300 1573 1356 1639 pg.
1371 1552 1412 1616 12
1426 1575 1502 1640 sqq.

376 1690 521 1759 diximus
553 1692 597 1759 ad
621 1692 855 1780 explicandum
879 1689 1027 1770 βούθυτος
1050 1691 1157 1774 ἡμέρα.
1193 1692 1273 1760 Sine
1295 1693 1506 1760 traiectione

376 1833 530 1913 θεομαννῖς
566 1835 780 1904 substantivo
815 1836 954 1902 additur
988 1835 1184 1922 Aeschylus
1218 1836 1312 1924 Sept.-
1338 1838 1404 1903 653
1439 1837 1506 1904 ubi

377 1979 418 2045 de
451 1978 617 2064 Polynice
639 1978 786 2064 legitur:
811 1972 833 2042 ὦ
855 1976 1008 2055 θεομανές
1030 2002 1066 2042 τε
1089 1978 1140 2042 καῖ
1164 1975 1242 2043 θεῶν
1265 1978 1353 2056 μέγα
1376 1977 1505 2056 στύγος.

376 2121 442 2187 Hic
495 2121 583 2189 enim
636 2118 764 2198 στύγος,
810 2121 897 2209 quod
941 2121 1077 2209 proprie
1127 2122 1264 2205 „odium
1311 2121 1503 2208 signifieat,

376 2267 534 2331 eonoreta
555 2263 691 2331 notione
719 2263 882 2346 „hominis
905 2262 1032 2329 odiosi’'
1057 2263 1249 2330 adhibetur.
1273 2263 1363 2330 Vide
1385 2286 1443 2351 pg.
1494 2316 1503 2330 .

421 2406 582 2473 Androm.
607 2407 682 2472 658.
712 2405 785 2487 τῇδε
808 2401 1012 2485 τνντροῖπεζον
1035 2402 1130 2480 οὶξνοῖς
1154 2402 1239 2485 ἔχειν
1262 2403 1337 2481 βίον.
1372 2405 1504 2486 τνντροῖ-

377 2545 470 2626 πεζος
508 2549 676 2631 „eiusdem
711 2569 847 2614 mensae
881 2547 1074 2635 particeps’'
1098 2547 1194 2613 homo
1219 2550 1280 2614 est.
1313 2545 1505 2628 εὐτράπεζος

382 2694 527 2779 „bonam
569 2714 718 2758 mensam
752 2691 921 2774 habens'’‚
960 2689 1210 2773 „luxuriosus”
1245 2690 1375 2777 legitur
1408 2694 1505 2781 apud

377 2835 590 2922 Aeschylum
642 2799 764 2921 Agam.
811 2835 876 2900 243
904 2832 1038 2940 Ιπατρὸς
1082 2834 1152 2896 κατ’
1198 2833 1349 2913 οῖνδρῶνας
1393 2836 1505 2917 εὐτρα-

378 2976 510 3059 πέζους,
556 2977 647 3066 apud
691 2975 890 3064 Euripidem
932 2975 976 3041 fr.
1011 2976 1078 3041 672
1115 2973 1180 3052 βίος
1214 2976 1264 3038 οὐκ
1299 2975 1504 3058 εὐτράπεζος,

378 3123 421 3188 fr,
447 3122 534 3188 1039
558 3145 606 3189 vs.
632 3122 651 3187 3
675 3120 744 3204 ν’ρρῖς
769 3119 819 3183 τὸν
841 3116 1025 3200 εὐτράπεζον
1047 3119 1085 3190 ὡς
1107 3118 1178 3193 ἡδὺς
1201 3117 1276 3196 βίος.
1302 3119 1504 3208 Oppositum

379 3258 586 3343 δντπροῖπεζος
627 3261 731 3329 habet
771 3261 952 3350 Euripides
994 3261 1095 3330 Hero.
1138 3262 1179 3328 F.
1213 3263 1279 3328 385
1313 3264 1373 3330 nbi
1407 3266 1504 3329 πῶλον

380 3405 567 3493 (Diomedis
602 3404 692 3492 equi)
728 3404 967 3471 detestabilem
995 3427 1145 3471 mensam
1175 3405 1300 3472 habere
1325 3405 1501 3491 dicuntur,

290 3538 293 3544 ’
379 3550 460 3639 quia
492 3548 689 3637 peregrinos
724 3570 745 3614 a
776 3546 907 3613 domino
931 3547 995 3614 sibi
1018 3548 1165 3614 obiectos
1188 3547 1339 3616 homines
1362 3549 1504 3618 devora-

378 3693 473 3760 bant.
497 3731 539 3740 -

421 3916 453 3980 ρ.
522 3893 781 3982 Epitheta,
837 3916 958 3982 quae
1012 3894 1214 3982 proprie
1268 3894 1321 3961 de
1373 3895 1503 3984 ipsis
1590 3933 1592 3938 ·

380 4036 657 4104 hominibus
690 4037 936 4119 dicuntur,
968 4036 1022 4103 ad
1052 4038 1246 4102 membra
1277 4037 1503 4125 corporis

380 4179 781 4248 transferuntur

372 4379 375 4386 ’
423 4385 549 4452 Poetae
585 4382 725 4467 Graeci,
760 4382 970 4472 maximeque
1003 4382 1145 4470 tragici,
1180 4384 1221 4450 de
1251 4382 1410 4472 membris
1433 4403 1502 4449 aor-
