3296 5342
696 571 740 639 33

158 765 220 834 des
254 765 456 834 Ausdrncks
489 767 687 852 versteheu,
722 768 901 855 gewinnen
922 768 987 836 wir
1009 767 1117 836 demit
1138 766 1282 834 nichts'’.

158 907 318 978 Profecto
351 909 387 976 in
421 909 520 994 locis,
556 911 674 1000 quales
707 915 788 977 sunt
819 910 960 978 Eumen.
993 909 1058 977 102
1087 910 1159 991 πρὸς
1189 913 1285 990 χερῶν

159 1050 380 1132 μητροκτόνων,
437 1051 531 1139 Sept.
579 1051 644 1118 932
692 1051 744 1116 ὑπ’
790 1049 1012 1132 ἀλλαλοφόνοις
1064 1049 1169 1132 χερσὶν
1215 1051 1286 1130 ὅμο-

158 1192 310 1274 στόροντνν
348 1215 415 1260 non
449 1215 624 1281 possumus
658 1215 724 1259 uon
758 1191 939 1260 concedere
973 1191 1138 1262 voeabula
1170 1195 1285 1271 χερῶν,

161 1335 268 1416 χερσίν
303 1334 470 1402 hominem
502 1333 693 1421 designari,
724 1333 783 1424 qui
805 1338 898 1402 recte
922 1333 1117 1416 μητροκτόνος
1141 1333 1283 1418 dicitur,

161 1478 219 1546 vel
254 1475 485 1558 οὶλλαλοφόνος,
521 1476 577 1545 vel
611 1474 784 1557 ὁμόσπορος.
820 1476 972 1564 Speciem
1005 1474 1094 1543 enim
1127 1476 1180 1543 his
1204 1475 1284 1544 locis

161 1621 332 1710 quandam
356 1620 517 1688 habemus
541 1619 613 1687 eius
635 1618 782 1706 figurae,
807 1641 909 1709 quam
933 1618 1163 1708 synecdochen
1177 1618 1286 1707 (‚,par-

161 1767 233 1832 tem
255 1787 317 1852 pro
340 1763 456 1849 tow)
477 1761 693 1850 gramatici
716 1765 849 1831 vocant.
867 1761 896 1848 ¹)
918 1801 961 1809 -
979 1762 1111 1829 Deinde
1133 1763 1285 1830 notiones

162 1907 274 1990 vitae,
301 1906 439 1989 mortis,
463 1904 638 1985 fortunae,
664 1905 863 1987 affectuum,
887 1904 1131 1990 cogitationum
1154 1903 1285 1991 (βίοτος,

162 2047 316 2122 θάνατος,
359 2046 494 2126 πότμος,
536 2045 636 2126 τύχη,
679 2044 837 2127 Φρόνηραον,
879 2044 1009 2128 θράσος,
1053 2047 1159 2128 δεῖμα)
1193 2055 1286 2117 recte

163 2191 325 2260 dicuntur
347 2191 501 2279 epitheta
523 2213 583 2257 sua
604 2213 667 2278 per
689 2190 925 2257 traiectionem
945 2190 1096 2278 accipere
1115 2191 1288 2259 translata

164 2334 206 2400 ab
236 2332 444 2415 hominibus,
476 2330 521 2398 ad
550 2353 631 2420 quos
655 2331 789 2418 proprie
811 2330 1001 2420 pertinent,
1025 2336 1066 2399 ut
1087 2357 1119 2399 v.
1143 2355 1170 2400 c.
1198 2333 1287 2418 „ani-

163 2498 236 2542 mus
271 2474 410 2541 audax”
445 2473 554 2542 latine
588 2497 650 2563 pro
691 2473 812 2541 audaci
844 2472 977 2541 homine
1011 2481 1104 2542 recte
1137 2474 1285 2563 ponitur.

163 2615 295 2683 Deinde
318 2620 410 2684 recte
436 2616 540 2683 etiam
563 2638 635 2705 cup.
659 2616 733 2681 XII
757 2615 910 2704 exempla
935 2616 1051 2705 qualia
1074 2621 1153 2684 sunt
1176 2619 1286 2699 μητρὸς

162 2755 232 2837 αἷμ’
267 2756 417 2836 ὅμαιμον,
451 2758 511 2824 ubi
549 2758 648 2826 adest
681 2758 862 2845 genetivus
892 2757 1092 2826 traiectione
1116 2761 1285 2848 explicare

162 2899 311 2968 videtur.
336 2938 379 2947 -

207 3041 277 3108 Sed
298 3042 335 3108 in
357 3041 481 3110 ceteris
504 3042 613 3109 multa
636 3041 724 3109 male
748 3043 955 3131 permiscuit.
982 3043 1070 3110 Nam
1092 3044 1285 3132 explicatio-

162 3206 239 3250 nem
272 3182 483 3251 traiectionis
517 3185 560 3250 ab
594 3182 783 3252 hominibus
818 3207 885 3251 non
916 3184 1102 3272 accipiunt,
1134 3186 1201 3254 nisi
1225 3210 1285 3256 eae

162 3326 335 3408 notiones,
381 3349 464 3416 quas
508 3349 612 3414 supra
657 3327 925 3395 enumeravimus
967 3328 1161 3418 similesque
1196 3331 1285 3399 aliae

164 3468 359 3535 nonnullae.
393 3467 503 3534 Nimis
538 3467 647 3553 igitur
682 3466 781 3555 longe
814 3471 979 3557 processit
1008 3471 1121 3558 Frey,
1153 3495 1227 3539 cum
1249 3473 1285 3540 in

164 3609 390 3678 locutionibus
425 3608 542 3697 quades
577 3613 658 3676 sune
687 3609 922 3691 οὶρμκτόκτντος
951 3612 1073 3690 ὄτοβος,
1097 3613 1196 3688 κώπην
1219 3615 1283 3689 εὐή-

165 3775 291 3834 ρετμον,
337 3750 533 3832 αἰχμάλωτα
579 3752 750 3830 οἰκήματα,
798 3755 943 3843 aliisque
984 3756 1101 3823 multis
1144 3756 1285 3825 eandem

170 3993 387 4006 ——u-

211 4114 239 4195 ¹)
269 4116 454 4176 Luculentum
485 4117 639 4191 exemplum
666 4117 750 4177 huius
776 4118 883 4177 dicendi
908 4124 1032 4196 generis,
1051 4122 1124 4195 quod
1143 4122 1284 4194 volumus,

170 4227 256 4282 exstat
280 4222 364 4282 Hom.
385 4222 437 4282 Οὐ.
457 4222 582 4283 4:540:
606 4227 664 4278 otte
681 4228 709 4278 vd
726 4247 767 4291 μον
784 4234 826 4293 κῆρ
844 4229 919 4287 ἥὲολ“
936 4229 975 4281 'trs
994 4229 1068 4296 ζώειν
1085 4232 1129 4282 καὶ
1146 4232 1203 4297 δρᾶν
1220 4233 1285 4297 φάος

169 4333 276 4403 ἠελίοιο,
294 4329 343 4389 ubi
364 4333 442 4405 patet
461 4347 526 4390 voce
547 4339 590 4400 κῆρ
612 4331 750 4390 hominem
770 4332 917 4406 designari.

1176 4430 1197 4496 3
