3296 5342
953 622 996 686 62

410 815 520 882 Sohul.
555 839 616 904 per
653 814 878 900 „xuravouote”
904 816 1140 904 explicandum
1175 821 1228 882 est
1258 814 1330 882 eive
1362 813 1521 900 signifieat

414 957 542 1042 „loeus,
567 958 655 1025 unde
680 959 809 1046 aliquid
832 957 1042 1045 inspicitur”.
1066 957 1183 1044 Neque
1208 956 1330 1022 aliter:

454 1102 497 1168 fr.
534 1102 599 1167 ‘243
640 1100 797 1182 Σπόρχειε
840 1101 963 1178 ποταμὲ
1007 1099 1144 1177 βουνόμοι
1187 1101 1216 1162 τ’
1260 1098 1461 1178 ἐπιστροφαί,
1497 1100 1520 1181 1)

409 1244 555 1322 βουνόμοι
583 1247 706 1328 „boves
729 1245 897 1332 pascens'’
924 1243 1035 1310 active
1060 1243 1201 1318 dieitur,
1227 1246 1267 1308 ut
1291 1242 1402 1307 omnia
1425 1239 1520 1306 adiee·

409 1389 485 1455 tiva
521 1386 704 1476 composita
738 1386 774 1453 in
809 1385 911 1463 -νόμος
947 1386 1123 1468 exeuntia,
1158 1408 1243 1473 quae
1268 1383 1377 1452 citavi
1398 1406 1452 1471 pg.
1475 1383 1518 1448 67.
1609 1431 1610 1436 1

412 1530 661 1597 Traiectionem
684 1554 751 1597 non
774 1529 946 1595 intellexit
969 1527 1118 1593 Dindorf
1138 1550 1163 1593 s.
1182 1550 1212 1593 v.
1226 1528 1383 1608 vertens,
1396 1525 1519 1590 abobus
1609 1521 1610 1528 '

409 1673 605 1759 depastua”
647 1671 718 1737 Alii
765 1671 936 1758 explicant
979 1667 1193 1754 »ἐπιστροφαί
1224 1667 1301 1745 βοῶν
1324 1665 1518 1744 νεμομένων”.
1609 1723 1610 1760 ἰ

411 1813 597 1900 Epitheton
620 1811 823 1894 παροξυτόνως
847 1813 1059 1878 scribendum
1083 1818 1143 1878 est.
1175 1813 1264 1877 Item
1297 1811 1397 1899 Soph.
1421 1810 1518 1875 Eleot.

412 1956 475 2020 181
501 1955 514 2017 ό
537 1954 594 2018 ταν
617 1953 711 2037 Κρίσρο
735 1952 876 2031 βουνόμοι
900 1952 979 2033 ἔχων
1004 1952 1118 2027 όίκταν,
1150 1976 1355 2042 quamquam
1377 1952 1519 2019 hocloco
1609 1935 1610 1940 ί

411 2097 485 2162 LA.
536 2095 677 2174 βούνομον
726 2094 986 2177 προπαροξυτόνως
1030 2120 1090 2184 pro
1138 2095 1280 2174 βουνόμον
1328 2093 1519 2177 παροξυτόνως

408 2241 573 2324 correxit,
598 2263 698 2328 quam
722 2241 926 2327 scripturam
949 2239 1041 2306 Suid.
1068 2263 1092 2305 s.
1118 2263 1149 2307 v.
1176 2237 1319 2316 βούνομον
1342 2244 1467 2306 tuetur.

454 2383 496 2448 of.
521 2383 625 2450 etiam
656 2382 771 2470 Suppl.
804 2383 869 2448 540
893 2384 1026 2457 λειμῶνα
1050 2379 1213 2460 βουχίοιον,
1241 2383 1370 2464 „boves
1394 2378 1517 2454 alens,”
1609 2365 1610 2368 Ἴ

407 2527 468 2592 ubi
492 2527 611 2593 similis
636 2535 688 2592 est
710 2549 790 2602 usus
814 2525 956 2591 dicendi.

452 2667 568 2755 Suppl.
592 2669 636 2733 40
659 2665 787 2747 λέκτρων
810 2664 954 2730 οίεκόντων
978 2666 1130 2744 ἐπιβῆναι.

451 2809 545 2876 Pers,
569 2810 634 2874 543
657 2807 785 2889 λέκτρων
808 2807 894 2880 εὐνόος
918 2807 1141 2888 ἁβροχίτωνας.

451 2951 529 3018 Nisi
563 2949 690 3030 χίτωνες
728 2935 937 3036 „stragula”
974 2950 1166 3036 significare
1198 2953 1327 3037 potest,
1353 2950 1516 3038 epitheton

406 3115 429 3159 a
459 3093 595 3159 feminis
625 3093 669 3159 ad
698 3093 823 3175 locum,
854 3092 913 3157 ubi
937 3098 1135 3175 versantur,
1160 3091 1368 3158 translatum
1390 3100 1448 3159 est.
1471 3091 1516 3157 De
1609 3145 1610 3158 ,

407 3235 599 3323 periphrasi
621 3233 749 3314 λέκτρων
772 3231 859 3305 εὐνοίς
881 3205 965 3302 vide
983 3256 1039 3321 pg.
1063 3235 1117 3300 40.

452 3376 556 3464 Apud
578 3375 882 3462 Euripidem:

452 3519 587 3606 Hippol.
623 3520 667 3584 68
708 3518 845 3598 Ἄρτεμι
885 3516 1042 3581 κόλλιστα
1088 3481 1260 3598 παρθένων,
1307 3545 1395 3583 α...
1431 3515 1515 3587 ναίεις

406 3660 606 3742 εὐπατέρειαν
633 3659 739 3725 αὐλόν.

452 3803 518 3870 Hie
546 3804 638 3870 loeus
668 3802 990 3884 luculentissimum,
1014 3809 1054 3868 ut
1077 3804 1209 3890 opinor,
1233 3804 1333 3871 huius
1356 3800 1516 3870 traiectio·

410 3967 612 3978 ———

450 4058 478 4139 1)
499 4062 540 4120 De
560 4079 625 4121 voce
644 4065 797 4129 ἐπιστροφή,
823 4062 919 4119 «loeus
945 4061 975 4118 in
1001 4077 1083 4134 quem
1111 4060 1214 4119 deverti
1232 4064 1345 4134 potest»
1367 4061 1403 4120 of.
1424 4057 1516 4118 Aesoh.

407 4170 441 4227 fr.
463 4169 522 4227 264
542 4171 616 4236 Κίλιξ
633 4170 661 4221 δὲ
677 4169 810 4236 χείρωκαὶ
826 4170 903 4234 Σόρων
919 4170 1084 4234 ἐπιστροφαί.

448 4276 524 4334 Idem
554 4275 758 4333 substantivum
787 4290 841 4330 van
871 4273 1035 4332 Herwerden
1064 4273 1095 4330 in
1127 4273 1191 4333 Hel.
1218 4274 1279 4332 404
1309 4291 1360 4347 pro
1392 4271 1517 4341 ἐπιδρομάς

406 4383 543 4458 proponit.
