3296 5342
959 559 1001 625 36

417 755 544 821 tionem
570 753 741 842 epitheti'’
773 753 946 821 nominare
969 753 1152 836 malumus,
1177 753 1334 842 quoniam
1356 752 1407 820 ita
1428 751 1523 818 distat

417 896 459 962 ab
486 895 549 961 illa
578 893 778 961 traiectione
808 919 840 962 v.
864 917 901 979 e,
926 915 1027 983 qnam
1052 895 1114 978 ,ab
1138 898 1253 962 actore
1276 895 1321 962 ad
1344 892 1522 960 actionem”

418 1036 574 1104 diximus.

463 1179 566 1246 Cuius
594 1179 867 1266 transpositionis
891 1180 956 1246 duo
979 1201 1105 1266 genera
1129 1180 1313 1247 statuenda
1338 1183 1424 1247 sunt.

464 1463 507 1529 Α.
555 1463 596 1529 In
619 1462 874 1550 periphrastiois
899 1445 1250 1531 circumlocutionibus
1275 1464 1445 1551 epitheton
1465 1461 1526 1550 ple-

419 1629 560 1694 rumque
583 1606 761 1694 copulatur
785 1629 859 1673 oum
882 1630 937 1690 eo,
962 1607 1053 1695 quod
1073 1582 1289 1695 periphrasin
1311 1606 1404 1674 faoit.

465 1889 590 1958 Poetae
633 1890 765 1978 saepius
811 1891 911 1957 unius
952 1889 1160 1957 substantivi
1200 1888 1369 1957 notionem
1412 1887 1527 1954 duobus

421 2032 610 2100 nominibus
645 2032 917 2099 eirenmseribere
953 2031 1078 2115 solent,
1111 2031 1169 2118 qui
1191 2031 1386 2098 notissimus
1408 2025 1529 2096 dicendi

422 2199 504 2244 usus
525 2175 734 2263 periphrasis
759 2178 909 2242 vocatur.
938 2174 966 2260 ¹)

468 2316 609 2385 Talibus
644 2317 868 2385 locutionibus
903 2317 932 2384 si
969 2317 1143 2405 epitheton
1175 2315 1322 2400 aceedit,
1346 2317 1527 2404 plerumque

422 2459 460 2526 id
500 2483 574 2526 eum
614 2460 746 2527 nomine
782 2460 935 2546 regenti,
978 2483 1044 2526 non
1086 2482 1161 2526 enm
1191 2459 1351 2546 genetivo
1386 2452 1529 2540 coniungi

422 2600 585 2670 videmus
627 2601 738 2668 Huius
776 2600 983 2688 periphrasis
1025 2600 1095 2668 tria
1136 2622 1264 2687 genera
1303 2595 1529 2686 distinguenda

328 2765 329 2770 ’
424 2750 520 2809 sunt:

470 2887 499 2952 1.
542 2885 668 2952 Notum
705 2889 758 2951 est
799 2884 982 2950 Homerum
1016 2884 1060 2950 ad
1093 2885 1236 2951 heroum*
1267 2907 1437 2972 personas,
1470 2901 1529 2947 eor·

423 3027 514 3116 poris
549 3029 584 3093 et
618 3026 723 3094 animi
755 3026 941 3093 virtutibus
977 3026 1145 3112 insignes,
1183 3025 1426 3113 designandas,
1455 3020 1531 3112 peri-

469 3389 497 3467 1)
517 3389 633 3460 Quintil.
656 3388 673 3446 8
696 3411 703 3448 :
725 3391 743 3448 6
764 3411 771 3448 :
794 3391 848 3449 612
879 3389 1010 3448 Pluribus
1041 3390 1132 3448 verbis
1162 3407 1226 3449 oum
1255 3390 1300 3461 id,
1330 3391 1403 3465 quod
1422 3405 1473 3448 uno
1491 3385 1533 3444 aut

424 3497 598 3572 paucioribus
617 3498 690 3555 eerte
709 3496 763 3554 diei
783 3499 888 3570 potest,
909 3496 1082 3572 explicatur,
1101 3497 1275 3571 periphrasin
1295 3499 1410 3568 vocant,
1430 3495 1533 3555 cirom-

425 3604 496 3662 itum
515 3603 651 3677 quendam
671 3603 823 3677 eloquendi.

464 3710 514 3768 Ps.
543 3710 619 3768 Plut.
649 3705 696 3782 (de
727 3709 784 3766 vita
814 3712 842 3767 et
870 3725 944 3782 poes.
974 3708 1087 3768 Homer.
1120 3709 1187 3782 29):
1209 3709 1251 3761 διὰ
1268 3715 1387 3762 πλειόνων
1405 3709 1492 3775 aazias
1509 3707 1532 3754 τᾶ

425 3816 603 3874 σημαινόμενον
630 3811 788 3876 ἀποδίδωσιν,
804 3813 817 3861 ὁ
834 3814 953 3862 καλεῖται
971 3815 1131 3876 Πιρίφροιοις·
1149 3814 1181 3870 ὡς
1198 3812 1259 3862 ὅταν
1276 3813 1342 3880 hipp
1362 3809 1417 3872 οἵοις
1434 3813 1534 3876 Ἀχαιῶν

426 3907 484 3963 τοὺς
501 3901 626 3970 Ἀχοιιοϋς
642 3905 685 3955 καὶ
704 3908 761 3968 βίην
778 3906 929 3969 Ἡρακλείην
947 3908 991 3956 τὸν
1008 3905 1147 3969 ‘Hyantia

436 4069 439 4074 Ι
465 4003 668 4062 Phoebammon
690 4019 737 4076 ΡΒ.
758 4002 813 4061 473
843 4007 998 4069 Περίῴοοιοίς
1020 4001 1090 4054 ἔστιν
1115 4003 1230 4067 ἱρμηννίοι
1248 4000 1535 4057 sternutamenta

426 4111 485 4168 μιᾶς
502 4106 594 4170 λέξνοις
613 4104 806 4168 σημαινομένου.

454 4203 494 4262 ,Α
514 4203 656 4262 Gomifieio
678 4203 733 4262 IV:
765 4203 803 4261 32
829 4203 920 4277 figura
945 4203 995 4262 illa
1018 4203 1203 4280 ‹eireuitmp
1224 4221 1242 4262 a
1261 4204 1389 4264 Cieerone
1410 4202 1535 4262 «choun-

427 4309 562 4384 soriptio»
587 4309 754 4368 nominatur.
