3296 5342
731 661 752 728 5

226 853 281 921 Ex
313 854 478 942 histria,
504 881 555 925 vs.
579 858 645 924 213
667 857 738 923 αἰὼν
760 857 908 933 δυσαίων,
930 881 978 926 vs.
998 858 1063 924 363
1087 857 1149 936 ἔργ’
1173 854 1304 938 ἄνεργα,

181 1019 230 1065 vs.
255 997 323 1064 690
343 995 449 1076 γάμος
470 995 615 1077 ἄγαμος,
637 1000 796 1068 nituntur
815 1000 875 1068 illo
894 999 984 1088 apud
1001 999 1150 1086 tragicos
1171 998 1306 1066 dicendi

181 1161 322 1226 genere,
368 1141 457 1230 quod
502 1143 659 1230 oxymori
699 1144 833 1212 nomine
873 1143 1088 1231 grammatici
1131 1143 1305 1232 appellare

181 1281 303 1350 solent.
337 1283 381 1350 In
411 1284 651 1353 oonsueiudine
683 1287 770 1352 enim
799 1285 927 1354 habent
948 1289 1071 1374 poetae
1092 1284 1129 1351 in
1151 1284 1304 1354 oratione

181 1423 286 1514 plena
308 1425 524 1506 acerbitatis,
544 1449 588 1494 ne
606 1426 707 1494 nimis
726 1427 852 1496 sintin
863 1451 928 1496 usu
939 1427 1183 1496 adiectivorum
1193 1427 1303 1502 κακὸς,

182 1568 322 1650 πονηρὸς,
364 1569 503 1650 ἀτυχὴς,
541 1569 577 1636 id
609 1569 699 1658 quod
733 1573 831 1642 atrox
865 1591 904 1636 ao
945 1569 1119 1636 funestum
1160 1572 1214 1636 est
1252 1568 1304 1637 ita

182 1708 369 1797 exprimere
399 1717 440 1777 ut
474 1710 688 1781 substantivo
723 1715 896 1799 apponant
917 1710 1123 1779 adieoiivum
1153 1710 1303 1778 eiusdem

182 1850 300 1939 stirpis
331 1872 371 1918 ac
399 1851 583 1939 potestatis
611 1874 684 1918 oum
716 1874 739 1916 α
767 1852 940 1940 privativo
967 1853 1025 1920 vel
1046 1875 1121 1919 cum
1143 1852 1196 1949 δας
1219 1875 1303 1920 com·

181 1991 339 2080 positum.
370 1992 506 2060 Imitaii
536 1996 617 2061 suni
646 1993 845 2078 Homerum,
877 1995 935 2084 qui
967 1995 1052 2062 dicit
1075 1994 1136 2062 Od.
1159 1996 1202 2061 23
1227 2019 1235 2060 :
1259 1997 1302 2062 97

180 2141 278 2215 μῆτερ
313 2134 371 2212 ἐμὴ
401 2132 565 2217 δύσμητερ.
597 2135 756 2203 Putanda
786 2139 900 2203 tamen
936 2140 989 2204 esi
1022 2137 1140 2204 horum
1175 2160 1303 2226 compo·

182 2275 324 2343 silurum
357 2274 523 2364 primaria
556 2275 608 2343 vis
643 2276 726 2343 haec
760 2298 851 2355 esse,
881 2280 921 2344 ui
938 2277 1069 2345 notioni
1089 2279 1302 2348 substantivo

182 2439 361 2504 expressae
404 2416 612 2484 contrarium
654 2416 706 2484 ila
743 2421 930 2505 apponant,
970 2422 1011 2486 ui
1043 2441 1132 2487 nova
1166 2420 1301 2490 evadat.

180 2558 338 2627 Praeivii
370 2558 461 2626 idem
490 2559 675 2643 Homerus,
707 2560 821 2627 dicens
845 2560 906 2628 Od.
932 2561 974 2628 18
999 2586 1006 2627 :
1030 2562 1074 2628 73
1096 2552 1175 2643 Ἶρος
1196 2562 1302 2642 ”Arpos

181 2700 206 2766 i.
238 2723 266 2766 e.
300 2699 396 2784 Irus,
432 2701 491 2789 qui
524 2701 592 2768 iam
625 2702 704 2769 Irus
732 2726 799 2769 non
834 2702 977 2791 amplius
1012 2707 1074 2770 est.
1116 2702 1175 2770 Ad
1207 2705 1302 2772 ouius

181 2843 371 2930 exemplum
423 2842 620 2930 Aeschylus
671 2844 788 2911 finxit:
845 2845 938 2912 Pers.
993 2846 1060 2913 680
1115 2843 1300 2926 ἐξέφθινται

179 2983 363 3066 τρίσκαλμοι
396 2986 467 3058 νᾶες
501 2982 592 3058 ἄναες
626 2985 648 3052 i.
676 3008 704 3052 e.
739 3009 860 3070 naves,
895 3009 981 3076 quae
1012 2987 1080 3054 iam
1108 3009 1213 3057 naves
1235 3011 1302 3054 non

182 3127 327 3215 amplius
363 3131 453 3195 suni.
484 3127 583 3194 Eum.
605 3128 672 3194 457
704 3126 812 3192 ἄπολιν
842 3126 930 3192 Ἰλίου
952 3127 1039 3193 πόλιν
1063 3125 1196 3203 ἔθηκας,
1219 3129 1301 3197 ibid.

184 3271 273 3336 1034
301 3269 422 3342 Νυκτὸς
449 3268 564 3342 παῖδες
586 3266 737 3343 ἄπαιδες,
760 3269 782 3336 i.
809 3293 837 3337 e.
862 3270 969 3337 noctis
992 3271 1103 3352 filiae,
1127 3292 1213 3358 quae
1236 3295 1302 3338 non

181 3411 251 3479 iam
292 3413 408 3480 aetate
453 3410 545 3478 filiae
587 3413 683 3494 suni,
718 3411 741 3477 i.
773 3433 802 3478 e.
833 3413 1059 3498 grandaevae.
1104 3412 1301 3501 Euripides:

183 3552 301 3640 Suppl.
336 3552 379 3619 32
414 3550 527 3629 δεσμὸς
560 3551 697 3629 ἄδεσμνς
730 3552 753 3619 i.
789 3576 817 3619 e.
853 3553 1039 3636 vinculum,
1074 3554 1162 3643 quod
1193 3554 1302 3643 specie

182 3697 319 3761 tantum
348 3696 402 3761 esi:
430 3693 611 3760 vinculum.
646 3694 674 3760 I.
700 3694 740 3761 Τ.
764 3695 829 3760 832
853 3694 945 3775 δάκρυ
969 3693 1101 3776 ἄδακρν,
1124 3695 1301 3780 lacrimae,

183 3857 269 3923 quae
293 3833 454 3902 lacrimae
476 3856 542 3901 non
564 3842 652 3917 sunl,
672 3843 713 3902 ut
734 3859 794 3902 nos
818 3835 958 3902 dicimus
982 3837 1301 3924 „vreugdetranen”

185 3974 229 4042 of.
251 3974 328 4042 Hel.
352 3976 420 4043 654
440 3973 557 4057 δάκρυα
575 3978 747 4058 χαρμονᾶν.

230 4115 397 4198 Quoniam
417 4120 549 4201 lamen,
572 4121 613 4185 ui
635 4127 729 4186 recte
753 4119 838 4187 dicit
861 4121 895 4188 J.
919 4120 1073 4189 Schmidt
1100 4121 1140 4208 ¹),
1160 4122 1197 4188 id
1215 4121 1304 4211 quod

229 4411 257 4484 ¹)
277 4411 310 4470 de
336 4410 474 4486 Epithotis
501 4412 664 4486 Compositis
690 4413 719 4471 in
745 4413 886 4487 tragoedia
906 4415 1009 4474 Graeca
1029 4416 1169 4490 usurpatis
1188 4433 1235 4491 pg.
1255 4418 1304 4477 44.
