3296 5342
519 1587 723 1664 OAPUT
765 1588 855 1663 III.

167 1915 240 1996 Nos
277 1926 472 1996 liberiorem
504 1928 731 2017 epithetorum
765 1927 1020 2015 compositorum
1056 1927 1147 2015 apud
1180 1926 1246 1994 Ae-

121 2069 283 2158 schylum
315 2074 351 2138 et
372 2071 571 2160 Euripidem
593 2070 748 2148 usumin
772 2069 918 2160 quinque
941 2069 1066 2138 classes
1090 2070 1244 2138 distinxi·
1289 2096 1293 2116 ⁴

121 2237 207 2282 mus.
242 2213 395 2297 Quarum
425 2214 462 2281 in
491 2214 602 2303 prima
631 2213 694 2281 illa
724 2218 942 2281 recensentur
965 2212 1134 2301 epitheta,
1158 2234 1245 2301 quae

120 2377 184 2443 per
221 2355 573 2443 „transpositionem”
604 2378 671 2422 non
698 2355 856 2441 genetivo
880 2355 939 2422 sed
961 2354 1086 2422 nomini
1109 2355 1245 2441 regenti

122 2498 307 2565 adduntur.
331 2497 486 2566 Secunda
508 2498 617 2566 classe
639 2498 857 2566 continentur
879 2496 942 2564 illa
965 2496 1133 2585 epitheta,
1156 2495 1242 2584 qua‘e

121 2663 183 2728 per
216 2639 492 2726 „traiectionem”
516 2646 596 2707 sunt
619 2638 835 2728 explicanda,
859 2639 955 2706 cuius
979 2638 1093 2705 decem
1115 2660 1242 2724 genera

124 2781 316 2850 statuimus.
359 2781 479 2850 Tertia
519 2780 637 2848 classis
679 2782 839 2848 versatur
872 2780 910 2846 in
944 2780 1121 2869 epithetis,
1156 2803 1242 2869 quac
1334 2783 1337 2792 ’

122 2923 195 2992 sine
228 2923 432 2993 traiectione
461 2923 675 2992 adhibentur.
708 2923 765 2989 Ad
787 2927 945 3013 quartam
966 2922 1030 2989 illa
1051 2923 1241 3011 pertinent,

121 3087 208 3153 quae
238 3065 285 3132 ad
306 3088 426 3133 nomen
449 3064 662 3134 collectivum
684 3065 891 3132 referuntur.
926 3065 1099 3133 Postremo
1122 3066 1241 3154 quinta

122 3205 240 3274 classis
274 3205 337 3273 illa
372 3206 538 3290 continet,
573 3229 660 3296 quae
693 3207 738 3275 ad
772 3207 965 3294 analogiam
998 3207 1241 3276 adiectivorum

121 3347 386 3436 possessivorum
413 3370 487 3416 cum
510 3348 735 3416 substantivis
760 3348 1020 3436 coniunguntur.

440 3633 469 3700 I.
516 3632 740 3700 Tmnsnosmo
773 3653 922 3701 nursam.

168 3914 205 3982 Si
226 3915 314 4005 qnod
338 3915 511 4004 epitheton
534 3938 595 4004 pro
618 3916 794 4002 genetivo,
815 3915 869 3984 cui
893 3917 1073 3984 secundum
1096 3919 1239 4005 logicam

124 4054 288 4124 rationem
328 4057 479 4146 aptanda
519 4057 603 4142 fuit,
646 4057 812 4126 tribuitur
847 4059 957 4144 casui,
992 4084 1089 4149 quem
1122 4061 1239 4129 dicunt

123 4197 272 4282 regenti,
295 4198 439 4267 libertas
462 4197 595 4267 dicendi
618 4199 745 4285 oritur,
772 4222 873 4291 quam
896 4203 939 4269 ab
962 4203 1113 4270 omnibus
1138 4203 1239 4290 scrip

122 4337 251 4410 toribus
284 4340 521 4408 traiectionem
555 4341 699 4430 epitheti
732 4348 902 4427 vocatam,
937 4366 997 4411 nos
1035 4343 1239 4432 „transposi-
