3296 5342
691 630 735 696 89

196 825 227 868 a.
250 801 364 869 Primo
389 800 508 888 generi
530 800 713 868 tribuenda
737 802 817 867 sunt
841 799 942 865 haee:

195 941 300 1031 Apud
334 901 656 1030 Aeschylum:

160 1169 165 1176 ι
196 1083 342 1173 Choeph.
377 1086 442 1152 960
477 1083 559 1162 ἄξιον
589 1086 765 1166 οὐρανοῦχον
796 1082 899 1166 ἄρχον
930 1081 1045 1160 σέβειν,
1069 1082 1170 1170 quod‚'
1190 1079 1280 1162 ἄρχοι

144 1229 308 1294 concreta
352 1226 489 1295 notione
525 1227 696 1307 adhibito,
732 1226 822 1294 idem
857 1232 909 1292 est
939 1248 979 1292 ae
1014 1221 1208 1304 οὐρονούχοος
1247 1223 1276 1309 ¹)

145 1367 322 1449 ἄρχοντος,
358 1369 400 1436 ef.
435 1369 552 1457 Snppl.
586 1371 653 1435 485
686 1369 758 1432 κατ’
782 1369 882 1448 ἀρχῆς
911 1366 972 1444 γὰρ
1003 1365 1160 1446 Φιλοίτιος
1185 1365 1277 1438 λεώς,

145 1511 252 1590 ἀρχῆς
285 1511 401 1578 eodem
426 1534 528 1579 sensu
550 1519 715 1578 concreto.
749 1510 818 1577 Sed
841 1507 985 1593 Choeph.
1010 1510 1078 1575 804
1100 1506 1276 1573 πολισσονό-

146 1674 227 1729 μους
250 1650 372 1732 ἀρχάς,
411 1651 514 1734 οὶρχοιί
542 1659 660 1720 servat
682 1652 964 1739 significationem
986 1653 1206 1719 abstractam.
1233 1689 1275 1699 -

194 1794 244 1861 Ut
266 1793 412 1883 Ghoeph.
439 1792 521 1879 960,
560 1794 677 1884 Suppl.
700 1797 767 1863 485
790 1795 891 1875 ἀρχή,
916 1795 1019 1895 etiam
1043 1794 1133 1861 aliae
1159 1817 1275 1877 voces,

145 1958 235 2025 quae
257 1937 385 2005 habent
408 1937 691 2025 significationem
714 1938 822 2023 regni,
844 1936 993 2025 imperii,
1018 1936 1161 2019 servitii,
1183 1942 1276 2004 tran·

147 2086 250 2146 seunt
284 2080 328 2147 ad
362 2081 534 2148 notionem
568 2081 657 2164 eius,
689 2079 748 2168 qui
777 2079 887 2165 regit,
918 2078 1082 2167 imperat,
1108 2078 1217 2147 servit
1241 2084 1276 2144 et

148 2219 302 2308 quidem:

194 2364 318 2441 τιμήε
354 2362 478 2451 Agam.
503 2365 548 2430 44
578 2362 737 2435 Μενὲλοοος
759 2361 839 2439 ἄνοοξ
860 2363 905 2437 ἠδ’
931 2361 1151 2441 ’Λνοιμέμνοιν,
1174 2360 1276 2444 δίθρο-

149 2528 197 2568 νον
218 2504 270 2570 κοι1
294 2506 476 2588 δισκήπτρου
503 2515 596 2585 τιμῆς
619 2504 724 2586 ὄχνρον
746 2504 853 2586 ζεῦγος
875 2505 1054 2586 Ἀτρειδᾶν,
1089 2505 1177 2595 quod
1199 2529 1274 2575 ver·

149 2649 271 2717 nacula
303 2650 423 2738 lingna
456 2652 554 2719 reddi
587 2655 716 2741 potest:
756 2650 854 2733 „Het
883 2649 1000 2717 sterke
1030 2672 1116 2738 paar
1138 2671 1207 2717 van
1232 2651 1274 2717 de

144 2785 355 2878 ¹regeerende
404 2793 502 2861 beide
544 2799 614 2860 met
656 2799 754 2860 troon
798 2815 841 2858 en
883 2792 1039 2880 sehepter
1080 2792 1273 2879 begiftigde

150 2930 330 3002 Atriden.'’

194 3075 378 3157 τνροοννί
388 3101 420 3150 οε
446 3076 592 3165 Choeph.
617 3077 682 3143 973
704 3072 814 3140 ἴδεσθε
835 3073 940 3155 χώρας
962 3076 1014 3149 τὴν
1037 3075 1147 3146 διπλῆν
1168 3099 1274 3157 τνροιν-

150 3216 216 3282 νίδοι
239 3219 280 3286 de
302 3220 446 3288 mortuis
471 3219 728 3307 Clytaemestra
752 3221 854 3306 atque
877 3216 1076 3304 Aegistheo.

193 3359 326 3442 ιιροὶτο
340 3386 371 3435 ςε
406 3360 530 3448 Agam.
555 3362 619 3428 109
643 3362 784 3440 Ἀχαιῶν
807 3357 938 3440 δίθρονον
958 3357 1067 3440 κροέτος
1088 3383 1149 3449 pro
1173 3358 1274 3442 δίθρο-

150 3525 190 3566 νοι
210 3502 382 3585 κροὶτιοτοι,
406 3504 535 3571 dietum
558 3504 599 3571 de
622 3501 777 3569 Menelao
802 3505 837 3568 et
859 3501 1121 3587 Agamemnone,
1143 3502 1185 3568 ef.
1207 3504 1272 3570 619

149 3646 240 3720 τῆσδε
261 3654 319 3724 γῆς
343 3645 433 3726 ΦΙλον
455 3643 564 3727 κρο1τος
588 3645 629 3711 de
653 3644 818 3711 Menelao·

193 3861 219 3934 ¹)
247 3862 314 3921 Alia
354 3861 477 3935 epitheta
516 3859 667 3934 composita
702 3858 733 3916 in
765 3867 858 3929 ονχος
886 3856 962 3932 apud
992 3857 1162 3932 Aeschylum
1192 3863 1273 3918 sunt:

151 3966 285 4037 δηιονχος
327 3967 404 4026 Pem.
444 3969 501 4027 511
533 3964 653 4044 (γαῖαν),
683 3975 823 4037 πολιοῦχοι
853 3969 927 4042 Sept.
960 3965 1033 4036 312,
1066 3966 1162 4040 Suppl.
1196 3966 1274 4028 1020

150 4071 247 4145 (θεοί),
269 4074 329 4134 822
361 4075 514 4150 (δαίμονος),
530 4082 656 4142 arealem
672 4074 753 4132 metri
774 4091 858 4133 causa
878 4076 952 4148 Sept.
974 4072 1032 4132 110
1054 4070 1158 4150 (etot),
1184 4087 1276 4128 πολισ-

149 4189 243 4250 σοῦχοι
262 4181 337 4255 Sept
359 4182 415 4250 69,
439 4181 495 4240 185
506 4223 515 4252 ,
536 4180 606 4240 271.
625 4182 728 4254 Agam.
748 4181 820 4251 338,
841 4181 939 4256 Suppl.
959 4179 1018 4238 493
1041 4177 1275 4254 (e=o!)‚Enmen.

150 4287 207 4348 ’175
238 4285 344 4366 (Λαίς),
375 4287 434 4346 883
465 4284 602 4363 (aperus),
629 4286 708 4346 1010
738 4283 866 4363 (nau),
904 4295 1039 4355 ταγοῦχος
1068 4285 1186 4344 Eumen.
1217 4285 1275 4344 296

154 4396 249 4467 (ἀνήρ),
269 4401 451 4463 ταλαντοῦχος
471 4395 571 4468 Agam.
590 4393 650 4452 439
671 4389 786 4470 (Ἄρηι).
