<?xml version="1.0" encoding="UTF-8"?>
<!DOCTYPE html PUBLIC "-//W3C//DTD XHTML 1.0 Transitional//EN"
    "http://www.w3.org/TR/xhtml1/DTD/xhtml1-transitional.dtd">
<html xmlns="http://www.w3.org/1999/xhtml" xml:lang="en" lang="en">
 <head>
  <title>
</title>
<meta http-equiv="Content-Type" content="text/html;charset=utf-8" />
  <meta name='ocr-system' content='tesseract 3.04.00' />
  <meta name='ocr-capabilities' content='ocr_page ocr_carea ocr_par ocr_line ocrx_word'/>
</head>
<body>
  <div class='ocr_page' id='page_1' title='image "./quaestionesdeep00anrogoog_0101.png"; bbox 0 0 3296 5342; ppageno 0'>
   <div class='ocr_carea' id='block_1_1' title="bbox 884 613 928 679">
    <p class='ocr_par' dir='ltr' id='par_1_1' title="bbox 884 613 928 679">
     <span class='ocr_line' id='line_1_1' title="bbox 884 613 928 679; baseline 0 0"><span class='ocrx_word' id='word_1_1' title='bbox 884 613 928 679; x_wconf 82' lang='lat'>88</span> 
     </span>
    </p>
   </div>
   <div class='ocr_carea' id='block_1_2' title="bbox 332 807 1466 3175">
    <p class='ocr_par' dir='ltr' id='par_1_2' title="bbox 338 807 1466 2746">
     <span class='ocr_line' id='line_1_2' title="bbox 345 807 1461 896; baseline 0 -21"><span class='ocrx_word' id='word_1_2' title='bbox 345 807 511 875; x_wconf 81' lang='lat' dir='ltr'>Remheld</span> <span class='ocrx_word' id='word_1_3' title='bbox 540 807 563 875; x_wconf 93' lang='lat' dir='ltr'>l.</span> <span class='ocrx_word' id='word_1_4' title='bbox 587 832 614 875; x_wconf 89' lang='lat' dir='ltr'>e.</span> <span class='ocrx_word' id='word_1_5' title='bbox 640 832 695 896; x_wconf 83' lang='lat' dir='ltr'>pg.</span> <span class='ocrx_word' id='word_1_6' title='bbox 725 809 790 875; x_wconf 87' lang='lat'>170</span> <span class='ocrx_word' id='word_1_7' title='bbox 820 808 869 875; x_wconf 88' lang='lat' dir='ltr'>sie</span> <span class='ocrx_word' id='word_1_8' title='bbox 904 808 1039 875; x_wconf 75' lang='lat' dir='ltr'>scribit:</span> <span class='ocrx_word' id='word_1_9' title='bbox 1080 807 1193 891; x_wconf 84' lang='lat' dir='ltr'>„Haeo</span> <span class='ocrx_word' id='word_1_10' title='bbox 1214 807 1281 874; x_wconf 83' lang='lat' dir='ltr'>uisi</span> <span class='ocrx_word' id='word_1_11' title='bbox 1304 811 1461 875; x_wconf 84' lang='lat' dir='ltr'>exstaret</span> 
     </span>
     <span class='ocr_line' id='line_1_3' title="bbox 343 948 1462 1038; baseline -0.001 -23"><span class='ocrx_word' id='word_1_12' title='bbox 343 949 431 1016; x_wconf 94' lang='lat' dir='ltr'>illud</span> <span class='ocrx_word' id='word_1_13' title='bbox 474 949 558 1027; x_wconf 70' lang='grc' dir='ltr'><em>γένος</em></span> <span class='ocrx_word' id='word_1_14' title='bbox 591 957 705 1018; x_wconf 87' lang='lat' dir='ltr'>essent</span> <span class='ocrx_word' id='word_1_15' title='bbox 739 971 819 1017; x_wconf 88' lang='lat' dir='ltr'>sene</span> <span class='ocrx_word' id='word_1_16' title='bbox 855 949 1113 1038; x_wconf 84' lang='lat' dir='ltr'>simplicissima.</span> <span class='ocrx_word' id='word_1_17' title='bbox 1158 950 1247 1017; x_wconf 88' lang='lat' dir='ltr'>Nem</span> <span class='ocrx_word' id='word_1_18' title='bbox 1288 948 1462 1031; x_wconf 86' lang='grc' dir='ltr'><em>Κενταύρων</em></span> 
     </span>
     <span class='ocr_line' id='line_1_4' title="bbox 344 1089 1466 1182; baseline 0.002 -26"><span class='ocrx_word' id='word_1_19' title='bbox 344 1089 481 1173; x_wconf 84' lang='grc' dir='ltr'><em>ύβροομα</em></span> <span class='ocrx_word' id='word_1_20' title='bbox 514 1092 753 1182; x_wconf 89' lang='lat' dir='ltr'>quodammodo</span> <span class='ocrx_word' id='word_1_21' title='bbox 787 1092 1033 1180; x_wconf 89' lang='lat' dir='ltr'>periphrastiee</span> <span class='ocrx_word' id='word_1_22' title='bbox 1063 1092 1191 1160; x_wconf 86' lang='lat' dir='ltr'>dictum</span> <span class='ocrx_word' id='word_1_23' title='bbox 1213 1115 1286 1160; x_wconf 88' lang='lat' dir='ltr'>esse</span> <span class='ocrx_word' id='word_1_24' title='bbox 1310 1097 1466 1160; x_wconf 86' lang='lat' dir='ltr'>statuen-</span> 
     </span>
     <span class='ocr_line' id='line_1_5' title="bbox 342 1233 1465 1323; baseline 0.001 -23"><span class='ocrx_word' id='word_1_25' title='bbox 342 1234 421 1301; x_wconf 91' lang='lat' dir='ltr'>dum</span> <span class='ocrx_word' id='word_1_26' title='bbox 445 1242 534 1303; x_wconf 88' lang='lat' dir='ltr'>esset</span> <span class='ocrx_word' id='word_1_27' title='bbox 555 1258 616 1323; x_wconf 89' lang='lat' dir='ltr'>pro</span> <span class='ocrx_word' id='word_1_28' title='bbox 639 1233 834 1315; x_wconf 80' lang='grc' dir='ltr'><em>Κενταύρους,</em></span> <span class='ocrx_word' id='word_1_29' title='bbox 857 1235 910 1303; x_wconf 90' lang='lat' dir='ltr'>ita</span> <span class='ocrx_word' id='word_1_30' title='bbox 932 1242 1061 1318; x_wconf 87' lang='lat' dir='ltr'>tamen,</span> <span class='ocrx_word' id='word_1_31' title='bbox 1078 1239 1120 1302; x_wconf 91' lang='lat' dir='ltr'>ut</span> <span class='ocrx_word' id='word_1_32' title='bbox 1139 1237 1283 1323; x_wconf 85' lang='lat' dir='ltr'>superbe</span> <span class='ocrx_word' id='word_1_33' title='bbox 1303 1241 1339 1301; x_wconf 90' lang='lat' dir='ltr'>et</span> <span class='ocrx_word' id='word_1_34' title='bbox 1359 1241 1465 1302; x_wconf 85' lang='lat' dir='ltr'>atrox</span> 
     </span>
     <span class='ocr_line' id='line_1_6' title="bbox 342 1377 1464 1447; baseline -0.002 -2"><span class='ocrx_word' id='word_1_35' title='bbox 342 1378 586 1447; x_wconf 77' lang='lat' dir='ltr'>Centaurorum</span> <span class='ocrx_word' id='word_1_36' title='bbox 615 1386 741 1446; x_wconf 89' lang='lat' dir='ltr'>natura</span> <span class='ocrx_word' id='word_1_37' title='bbox 762 1378 827 1445; x_wconf 87' lang='lat' dir='ltr'>hac</span> <span class='ocrx_word' id='word_1_38' title='bbox 849 1377 1142 1446; x_wconf 74' lang='lat' dir='ltr'>circumlocutione</span> <span class='ocrx_word' id='word_1_39' title='bbox 1165 1400 1232 1443; x_wconf 92' lang='lat' dir='ltr'>non</span> <span class='ocrx_word' id='word_1_40' title='bbox 1255 1377 1357 1444; x_wconf 89' lang='lat' dir='ltr'>aliter</span> <span class='ocrx_word' id='word_1_41' title='bbox 1380 1378 1464 1444; x_wconf 90' lang='lat' dir='ltr'>sub-</span> 
     </span>
     <span class='ocr_line' id='line_1_7' title="bbox 339 1517 1464 1610; baseline -0.003 -25"><span class='ocrx_word' id='word_1_42' title='bbox 339 1518 618 1606; x_wconf 83' lang='lat' dir='ltr'>intellegeretur,</span> <span class='ocrx_word' id='word_1_43' title='bbox 654 1526 756 1610; x_wconf 84' lang='lat' dir='ltr'>atque</span> <span class='ocrx_word' id='word_1_44' title='bbox 789 1519 826 1585; x_wconf 92' lang='lat' dir='ltr'>in</span> <span class='ocrx_word' id='word_1_45' title='bbox 860 1520 969 1601; x_wconf 70' lang='grc' dir='ltr'><em>ἀνδρῶν</em></span> <span class='ocrx_word' id='word_1_46' title='bbox 996 1519 1123 1601; x_wconf 89' lang='grc' dir='ltr'><em>Φεραίων</em></span> <span class='ocrx_word' id='word_1_47' title='bbox 1154 1519 1279 1597; x_wconf 75' lang='grc' dir='ltr'><em>εύμενίνς</em></span> <span class='ocrx_word' id='word_1_48' title='bbox 1308 1517 1464 1599; x_wconf 82' lang='grc' dir='ltr'><em>παρουσία</em></span> 
     </span>
     <span class='ocr_line' id='line_1_8' title="bbox 339 1654 1464 1751; baseline 0.001 -23"><span class='ocrx_word' id='word_1_49' title='bbox 339 1661 416 1728; x_wconf 88' lang='lat' dir='ltr'>Alc.</span> <span class='ocrx_word' id='word_1_50' title='bbox 457 1663 522 1729; x_wconf 84' lang='grc'>606</span> <span class='ocrx_word' id='word_1_51' title='bbox 563 1663 622 1730; x_wconf 89' lang='lat' dir='ltr'>bos</span> <span class='ocrx_word' id='word_1_52' title='bbox 664 1662 756 1729; x_wconf 85' lang='lat' dir='ltr'>viros</span> <span class='ocrx_word' id='word_1_53' title='bbox 798 1685 910 1730; x_wconf 89' lang='lat' dir='ltr'>coram</span> <span class='ocrx_word' id='word_1_54' title='bbox 944 1662 1061 1730; x_wconf 86' lang='lat' dir='ltr'>adesse</span> <span class='ocrx_word' id='word_1_55' title='bbox 1096 1662 1288 1751; x_wconf 85' lang='lat' dir='ltr'>periphrasi</span> <span class='ocrx_word' id='word_1_56' title='bbox 1306 1654 1464 1750; x_wconf 85' lang='lat' dir='ltr'>¹iusuper</span> 
     </span>
     <span class='ocr_line' id='line_1_9' title="bbox 339 1803 1462 1894; baseline 0.003 -25"><span class='ocrx_word' id='word_1_57' title='bbox 339 1803 529 1890; x_wconf 87' lang='lat' dir='ltr'>indicatur;</span> <span class='ocrx_word' id='word_1_58' title='bbox 559 1813 739 1894; x_wconf 88' lang='lat' dir='ltr'>praeterea</span> <span class='ocrx_word' id='word_1_59' title='bbox 760 1804 963 1886; x_wconf 70' lang='grc' dir='ltr'><em>τετρασκελές</em></span> <span class='ocrx_word' id='word_1_60' title='bbox 988 1811 1029 1871; x_wconf 90' lang='lat' dir='ltr'>ut</span> <span class='ocrx_word' id='word_1_61' title='bbox 1050 1803 1127 1872; x_wconf 83' lang='lat' dir='ltr'>Alc.</span> <span class='ocrx_word' id='word_1_62' title='bbox 1151 1806 1216 1871; x_wconf 89' lang='grc'>606</span> <span class='ocrx_word' id='word_1_63' title='bbox 1240 1804 1363 1882; x_wconf 76' lang='grc' dir='ltr'><em>εὐμενής</em></span> <span class='ocrx_word' id='word_1_64' title='bbox 1386 1808 1462 1872; x_wconf 89' lang='lat' dir='ltr'>tra-</span> 
     </span>
     <span class='ocr_line' id='line_1_10' title="bbox 341 1945 1462 2023; baseline -0.003 -10"><span class='ocrx_word' id='word_1_65' title='bbox 341 1946 467 2013; x_wconf 89' lang='lat' dir='ltr'>iectum</span> <span class='ocrx_word' id='word_1_66' title='bbox 502 1970 574 2015; x_wconf 87' lang='lat' dir='ltr'>esse</span> <span class='ocrx_word' id='word_1_67' title='bbox 608 1947 810 2015; x_wconf 89' lang='lat' dir='ltr'>credendum</span> <span class='ocrx_word' id='word_1_68' title='bbox 844 1951 906 2015; x_wconf 88' lang='lat' dir='ltr'>est.</span> <span class='ocrx_word' id='word_1_69' title='bbox 940 1946 1040 2014; x_wconf 88' lang='lat' dir='ltr'>Nune</span> <span class='ocrx_word' id='word_1_70' title='bbox 1074 1969 1154 2015; x_wconf 89' lang='lat' dir='ltr'>vero</span> <span class='ocrx_word' id='word_1_71' title='bbox 1187 1954 1228 2014; x_wconf 88' lang='lat' dir='ltr'>ut</span> <span class='ocrx_word' id='word_1_72' title='bbox 1261 1946 1349 2013; x_wconf 89' lang='lat' dir='ltr'>illud</span> <span class='ocrx_word' id='word_1_73' title='bbox 1370 1945 1462 2023; x_wconf 73' lang='grc' dir='ltr'><em>γένος</em></span> 
     </span>
     <span class='ocr_line' id='line_1_11' title="bbox 340 2088 1464 2178; baseline 0 -23"><span class='ocrx_word' id='word_1_74' title='bbox 340 2088 542 2176; x_wconf 82' lang='lat' dir='ltr'>explicemus</span> <span class='ocrx_word' id='word_1_75' title='bbox 599 2089 766 2177; x_wconf 87' lang='lat' dir='ltr'>duplicem</span> <span class='ocrx_word' id='word_1_76' title='bbox 817 2089 1032 2178; x_wconf 82' lang='lat' dir='ltr'>periphrasin</span> <span class='ocrx_word' id='word_1_77' title='bbox 1077 2093 1231 2157; x_wconf 84' lang='lat' dir='ltr'>statuere</span> <span class='ocrx_word' id='word_1_78' title='bbox 1275 2089 1464 2177; x_wconf 85' lang='lat' dir='ltr'>cogimur.”</span> 
     </span>
     <span class='ocr_line' id='line_1_12' title="bbox 341 2230 1464 2322; baseline 0.004 -26"><span class='ocrx_word' id='word_1_79' title='bbox 341 2230 448 2298; x_wconf 85' lang='lat' dir='ltr'>Putat</span> <span class='ocrx_word' id='word_1_80' title='bbox 467 2317 468 2322; x_wconf 5' lang='grc' dir='ltr'>ἵ</span> <span class='ocrx_word' id='word_1_81' title='bbox 488 2230 598 2318; x_wconf 84' lang='lat' dir='ltr'>igitur</span> <span class='ocrx_word' id='word_1_82' title='bbox 637 2231 804 2299; x_wconf 81' lang='lat' dir='ltr'>Rbmheld</span> <span class='ocrx_word' id='word_1_83' title='bbox 846 2230 1157 2320; x_wconf 85' lang='lat' dir='ltr'>„Amphitryonem</span> <span class='ocrx_word' id='word_1_84' title='bbox 1198 2232 1367 2299; x_wconf 87' lang='lat' dir='ltr'>concitate</span> <span class='ocrx_word' id='word_1_85' title='bbox 1402 2231 1464 2300; x_wconf 89' lang='lat' dir='ltr'>hic</span> 
     </span>
     <span class='ocr_line' id='line_1_13' title="bbox 338 2372 1464 2463; baseline 0 -24"><span class='ocrx_word' id='word_1_86' title='bbox 338 2372 530 2462; x_wconf 87' lang='lat' dir='ltr'>loquentem</span> <span class='ocrx_word' id='word_1_87' title='bbox 573 2374 717 2463; x_wconf 90' lang='lat' dir='ltr'>primum</span> <span class='ocrx_word' id='word_1_88' title='bbox 758 2398 832 2442; x_wconf 92' lang='lat' dir='ltr'>eum</span> <span class='ocrx_word' id='word_1_89' title='bbox 874 2372 1013 2456; x_wconf 77' lang='grc' dir='ltr'><em>ὕβρισμα</em></span> <span class='ocrx_word' id='word_1_90' title='bbox 1055 2374 1251 2461; x_wconf 90' lang='lat' dir='ltr'>genetivum</span> <span class='ocrx_word' id='word_1_91' title='bbox 1285 2372 1464 2456; x_wconf 82' lang='grc' dir='ltr'><em>Κενταύρων</em></span> 
     </span>
     <span class='ocr_line' id='line_1_14' title="bbox 340 2515 1465 2607; baseline 0.004 -25"><span class='ocrx_word' id='word_1_92' title='bbox 340 2515 569 2593; x_wconf 81' lang='lat' dir='ltr'>coniunxisse,</span> <span class='ocrx_word' id='word_1_93' title='bbox 599 2517 720 2585; x_wconf 91' lang='lat' dir='ltr'>deinde</span> <span class='ocrx_word' id='word_1_94' title='bbox 745 2523 859 2584; x_wconf 83' lang='lat' dir='ltr'>autem</span> <span class='ocrx_word' id='word_1_95' title='bbox 880 2518 1038 2607; x_wconf 86' lang='lat' dir='ltr'>primarii</span> <span class='ocrx_word' id='word_1_96' title='bbox 1060 2517 1203 2586; x_wconf 90' lang='lat' dir='ltr'>nominis</span> <span class='ocrx_word' id='word_1_97' title='bbox 1224 2518 1293 2585; x_wconf 88' lang='lat' dir='ltr'>iam</span> <span class='ocrx_word' id='word_1_98' title='bbox 1315 2517 1465 2586; x_wconf 86' lang='lat' dir='ltr'>oblitum</span> 
     </span>
     <span class='ocr_line' id='line_1_15' title="bbox 341 2657 814 2746; baseline 0.006 -24"><span class='ocrx_word' id='word_1_99' title='bbox 341 2657 481 2746; x_wconf 87' lang='lat' dir='ltr'>insuper</span> <span class='ocrx_word' id='word_1_100' title='bbox 502 2657 587 2734; x_wconf 70' lang='grc' dir='ltr'><em>γένος</em></span> <span class='ocrx_word' id='word_1_101' title='bbox 610 2658 814 2728; x_wconf 81' lang='lat' dir='ltr'>addidisse&#39;&#39;.</span> 
     </span>
    </p>

    <p class='ocr_par' dir='ltr' id='par_1_3' title="bbox 332 2798 1466 3175">
     <span class='ocr_line' id='line_1_16' title="bbox 383 2798 1466 2890; baseline 0.003 -24"><span class='ocrx_word' id='word_1_102' title='bbox 383 2798 438 2866; x_wconf 86' lang='lat' dir='ltr'>Ab</span> <span class='ocrx_word' id='word_1_103' title='bbox 472 2799 536 2867; x_wconf 87' lang='lat' dir='ltr'>hae</span> <span class='ocrx_word' id='word_1_104' title='bbox 570 2801 657 2867; x_wconf 90' lang='lat' dir='ltr'>mira</span> <span class='ocrx_word' id='word_1_105' title='bbox 686 2801 970 2890; x_wconf 86' lang='lat' dir='ltr'>interpretatione</span> <span class='ocrx_word' id='word_1_106' title='bbox 992 2826 1045 2869; x_wconf 91' lang='lat' dir='ltr'>me</span> <span class='ocrx_word' id='word_1_107' title='bbox 1069 2803 1169 2889; x_wconf 90' lang='lat' dir='ltr'>longe</span> <span class='ocrx_word' id='word_1_108' title='bbox 1193 2802 1364 2870; x_wconf 85' lang='lat' dir='ltr'>discedere</span> <span class='ocrx_word' id='word_1_109' title='bbox 1387 2825 1466 2870; x_wconf 88' lang='lat' dir='ltr'>con-</span> 
     </span>
     <span class='ocr_line' id='line_1_17' title="bbox 341 2943 1465 3029; baseline 0 -21"><span class='ocrx_word' id='word_1_110' title='bbox 341 2943 504 3011; x_wconf 87' lang='lat' dir='ltr'>fitendum</span> <span class='ocrx_word' id='word_1_111' title='bbox 527 2948 589 3011; x_wconf 86' lang='lat' dir='ltr'>est.</span> <span class='ocrx_word' id='word_1_112' title='bbox 613 2944 705 3016; x_wconf 88' lang='lat' dir='ltr'>Luce</span> <span class='ocrx_word' id='word_1_113' title='bbox 727 2944 817 3012; x_wconf 92' lang='lat' dir='ltr'>enim</span> <span class='ocrx_word' id='word_1_114' title='bbox 840 2944 965 3012; x_wconf 85' lang='lat' dir='ltr'>clarius</span> <span class='ocrx_word' id='word_1_115' title='bbox 990 2949 1059 3029; x_wconf 86' lang='lat' dir='ltr'>est,</span> <span class='ocrx_word' id='word_1_116' title='bbox 1084 2943 1255 3026; x_wconf 84' lang='grc' dir='ltr'><em>Κενταύρων</em></span> <span class='ocrx_word' id='word_1_117' title='bbox 1277 2967 1351 3012; x_wconf 90' lang='lat' dir='ltr'>eum</span> <span class='ocrx_word' id='word_1_118' title='bbox 1375 2943 1465 3021; x_wconf 73' lang='grc' dir='ltr'><em>γένος</em></span> 
     </span>
     <span class='ocr_line' id='line_1_18' title="bbox 332 3084 1463 3175; baseline 0.004 -25"><span class='ocrx_word' id='word_1_119' title='bbox 332 3086 606 3171; x_wconf 81' lang='lat' dir='ltr'>coniungendum</span> <span class='ocrx_word' id='word_1_120' title='bbox 639 3110 727 3174; x_wconf 86' lang='lat' dir='ltr'>esse;</span> <span class='ocrx_word' id='word_1_121' title='bbox 763 3084 901 3169; x_wconf 77' lang='grc' dir='ltr'><em>ὕβρισμα</em></span> <span class='ocrx_word' id='word_1_122' title='bbox 936 3092 1050 3154; x_wconf 89' lang='lat' dir='ltr'>autem</span> <span class='ocrx_word' id='word_1_123' title='bbox 1084 3090 1237 3154; x_wconf 87' lang='lat' dir='ltr'>concreto</span> <span class='ocrx_word' id='word_1_124' title='bbox 1268 3109 1368 3154; x_wconf 89' lang='lat' dir='ltr'>seusu</span> <span class='ocrx_word' id='word_1_125' title='bbox 1398 3110 1463 3175; x_wconf 91' lang='lat' dir='ltr'>pro</span> 
     </span>
    </p>
   </div>
   <div class='ocr_carea' id='block_1_3' title="bbox 337 3202 1465 3317">
    <p class='ocr_par' dir='ltr' id='par_1_4' title="bbox 337 3202 1465 3317">
     <span class='ocr_line' id='line_1_19' title="bbox 337 3202 1465 3317; baseline 0.005 -27"><span class='ocrx_word' id='word_1_126' title='bbox 337 3202 483 3308; x_wconf 79' lang='grc' dir='ltr'>1ὑβρισταί</span> <span class='ocrx_word' id='word_1_127' title='bbox 526 3229 724 3314; x_wconf 86' lang='lat' dir='ltr'>adhibetur,</span> <span class='ocrx_word' id='word_1_128' title='bbox 761 3252 861 3317; x_wconf 88' lang='lat' dir='ltr'>quam</span> <span class='ocrx_word' id='word_1_129' title='bbox 901 3230 942 3297; x_wconf 93' lang='lat' dir='ltr'>ob</span> <span class='ocrx_word' id='word_1_130' title='bbox 983 3253 1056 3296; x_wconf 90' lang='lat' dir='ltr'>rem</span> <span class='ocrx_word' id='word_1_131' title='bbox 1089 3229 1263 3317; x_wconf 90' lang='lat' dir='ltr'>epitheton</span> <span class='ocrx_word' id='word_1_132' title='bbox 1303 3252 1342 3296; x_wconf 94' lang='lat' dir='ltr'>re</span> <span class='ocrx_word' id='word_1_133' title='bbox 1376 3251 1465 3297; x_wconf 83' lang='lat' dir='ltr'>vera</span> 
     </span>
    </p>
   </div>
   <div class='ocr_carea' id='block_1_4' title="bbox 341 3369 1462 3460">
    <p class='ocr_par' dir='ltr' id='par_1_5' title="bbox 341 3369 1462 3460">
     <span class='ocr_line' id='line_1_20' title="bbox 341 3369 1462 3460; baseline 0.002 -23"><span class='ocrx_word' id='word_1_134' title='bbox 341 3369 384 3437; x_wconf 88' lang='lat' dir='ltr'>ad</span> <span class='ocrx_word' id='word_1_135' title='bbox 419 3371 670 3440; x_wconf 86' lang='lat' dir='ltr'>substantivum</span> <span class='ocrx_word' id='word_1_136' title='bbox 698 3372 849 3459; x_wconf 83' lang='lat' dir='ltr'>pertinet</span> <span class='ocrx_word' id='word_1_137' title='bbox 880 3393 989 3460; x_wconf 91' lang='lat' dir='ltr'>neque</span> <span class='ocrx_word' id='word_1_138' title='bbox 1013 3370 1195 3439; x_wconf 88' lang='lat' dir='ltr'>traiectum</span> <span class='ocrx_word' id='word_1_139' title='bbox 1227 3394 1299 3438; x_wconf 89' lang='lat' dir='ltr'>esse</span> <span class='ocrx_word' id='word_1_140' title='bbox 1323 3371 1462 3439; x_wconf 90' lang='lat' dir='ltr'>creden·</span> 
     </span>
    </p>
   </div>
   <div class='ocr_carea' id='block_1_5' title="bbox 254 3510 1461 4172">
    <p class='ocr_par' dir='ltr' id='par_1_6' title="bbox 339 3510 502 3580">
     <span class='ocr_line' id='line_1_21' title="bbox 339 3510 502 3580; baseline 0.012 -3"><span class='ocrx_word' id='word_1_141' title='bbox 339 3510 418 3578; x_wconf 92' lang='lat' dir='ltr'>dum</span> <span class='ocrx_word' id='word_1_142' title='bbox 441 3516 502 3580; x_wconf 86' lang='lat' dir='ltr'>est.</span> 
     </span>
    </p>

    <p class='ocr_par' dir='ltr' id='par_1_7' title="bbox 254 3653 1461 4172">
     <span class='ocr_line' id='line_1_22' title="bbox 254 3653 1460 3743; baseline 0.003 -23"><span class='ocrx_word' id='word_1_143' title='bbox 254 3699 257 3704; x_wconf 90' lang='lat'>-</span> <span class='ocrx_word' id='word_1_144' title='bbox 383 3653 535 3721; x_wconf 86' lang='lat' dir='ltr'>Secundo</span> <span class='ocrx_word' id='word_1_145' title='bbox 568 3656 639 3723; x_wconf 91' lang='lat' dir='ltr'>loeo</span> <span class='ocrx_word' id='word_1_146' title='bbox 674 3678 715 3723; x_wconf 87' lang='lat' dir='ltr'>ea</span> <span class='ocrx_word' id='word_1_147' title='bbox 749 3655 901 3743; x_wconf 85' lang='lat' dir='ltr'>exempla</span> <span class='ocrx_word' id='word_1_148' title='bbox 933 3677 1132 3743; x_wconf 89' lang='lat' dir='ltr'>proponam,</span> <span class='ocrx_word' id='word_1_149' title='bbox 1163 3676 1250 3743; x_wconf 89' lang='lat' dir='ltr'>quae</span> <span class='ocrx_word' id='word_1_150' title='bbox 1272 3661 1313 3722; x_wconf 88' lang='lat' dir='ltr'>ut</span> <span class='ocrx_word' id='word_1_151' title='bbox 1335 3653 1460 3724; x_wconf 90' lang='lat' dir='ltr'>Helen.</span> 
     </span>
     <span class='ocr_line' id='line_1_23' title="bbox 339 3793 1461 3885; baseline 0.003 -24"><span class='ocrx_word' id='word_1_152' title='bbox 339 3794 404 3861; x_wconf 83' lang='lat'>388</span> <span class='ocrx_word' id='word_1_153' title='bbox 438 3793 626 3877; x_wconf 69' lang='grc' dir='ltr'><em>τεθρίππους</em></span> <span class='ocrx_word' id='word_1_154' title='bbox 660 3795 816 3874; x_wconf 81' lang='grc' dir='ltr'><em>οὶμίλλοος,</em></span> <span class='ocrx_word' id='word_1_155' title='bbox 851 3797 892 3864; x_wconf 93' lang='lat' dir='ltr'>de</span> <span class='ocrx_word' id='word_1_156' title='bbox 926 3820 990 3884; x_wconf 91' lang='lat' dir='ltr'>quo</span> <span class='ocrx_word' id='word_1_157' title='bbox 1022 3797 1150 3884; x_wconf 86' lang='lat' dir='ltr'>egimus</span> <span class='ocrx_word' id='word_1_158' title='bbox 1174 3819 1230 3885; x_wconf 85' lang='lat' dir='ltr'>pg.</span> <span class='ocrx_word' id='word_1_159' title='bbox 1256 3796 1297 3862; x_wconf 83' lang='grc'>12</span> <span class='ocrx_word' id='word_1_160' title='bbox 1322 3794 1377 3882; x_wconf 78' lang='lat' dir='ltr'>(ci.</span> <span class='ocrx_word' id='word_1_161' title='bbox 1402 3820 1461 3885; x_wconf 88' lang='lat' dir='ltr'>pg.</span> 
     </span>
     <span class='ocr_line' id='line_1_24' title="bbox 341 3937 1458 4028; baseline 0 -24"><span class='ocrx_word' id='word_1_162' title='bbox 341 3938 395 4024; x_wconf 88' lang='grc'>19)</span> <span class='ocrx_word' id='word_1_163' title='bbox 421 3938 514 4005; x_wconf 86' lang='lat' dir='ltr'>dicta</span> <span class='ocrx_word' id='word_1_164' title='bbox 543 3961 615 4008; x_wconf 87' lang='lat' dir='ltr'>esse</span> <span class='ocrx_word' id='word_1_165' title='bbox 646 3962 779 4024; x_wconf 86' lang='lat' dir='ltr'>censeo,</span> <span class='ocrx_word' id='word_1_166' title='bbox 811 3943 847 4006; x_wconf 91' lang='lat' dir='ltr'>et</span> <span class='ocrx_word' id='word_1_167' title='bbox 869 3939 1109 4028; x_wconf 89' lang='lat' dir='ltr'>quodammodo</span> <span class='ocrx_word' id='word_1_168' title='bbox 1132 3941 1277 4024; x_wconf 86' lang='lat' dir='ltr'>cognata</span> <span class='ocrx_word' id='word_1_169' title='bbox 1301 3944 1383 4004; x_wconf 85' lang='lat' dir='ltr'>sunt</span> <span class='ocrx_word' id='word_1_170' title='bbox 1405 3937 1458 4021; x_wconf 88' lang='lat' dir='ltr'>iis,</span> 
     </span>
     <span class='ocr_line' id='line_1_25' title="bbox 339 4078 1459 4172; baseline -0.004 -22"><span class='ocrx_word' id='word_1_171' title='bbox 339 4105 425 4172; x_wconf 85' lang='lat' dir='ltr'>quae</span> <span class='ocrx_word' id='word_1_172' title='bbox 458 4082 566 4171; x_wconf 90' lang='lat' dir='ltr'>primo</span> <span class='ocrx_word' id='word_1_173' title='bbox 594 4083 665 4150; x_wconf 90' lang='lat' dir='ltr'>loco</span> <span class='ocrx_word' id='word_1_174' title='bbox 689 4084 899 4151; x_wconf 87' lang='lat' dir='ltr'>enumerabo.</span> <span class='ocrx_word' id='word_1_175' title='bbox 924 4081 1147 4149; x_wconf 87' lang='lat' dir='ltr'>Substantivo</span> <span class='ocrx_word' id='word_1_176' title='bbox 1171 4081 1259 4148; x_wconf 93' lang='lat' dir='ltr'>enim</span> <span class='ocrx_word' id='word_1_177' title='bbox 1281 4078 1459 4168; x_wconf 88' lang='lat' dir='ltr'>participii</span> 
     </span>
    </p>
   </div>
   <div class='ocr_carea' id='block_1_6' title="bbox 337 4221 1457 4435">
    <p class='ocr_par' dir='ltr' id='par_1_8' title="bbox 337 4221 1457 4435">
     <span class='ocr_line' id='line_1_26' title="bbox 337 4221 1457 4312; baseline -0.004 -19"><span class='ocrx_word' id='word_1_178' title='bbox 337 4225 409 4293; x_wconf 83' lang='lat' dir='ltr'>viee</span> <span class='ocrx_word' id='word_1_179' title='bbox 453 4225 634 4312; x_wconf 81' lang='lat' dir='ltr'>fungente,</span> <span class='ocrx_word' id='word_1_180' title='bbox 693 4225 796 4293; x_wconf 89' lang='lat' dir='ltr'>etiam</span> <span class='ocrx_word' id='word_1_181' title='bbox 840 4248 894 4292; x_wconf 87' lang='lat' dir='ltr'>res</span> <span class='ocrx_word' id='word_1_182' title='bbox 941 4225 1063 4291; x_wconf 84' lang='lat' dir='ltr'>effecta</span> <span class='ocrx_word' id='word_1_183' title='bbox 1107 4246 1167 4312; x_wconf 91' lang='lat' dir='ltr'>pro</span> <span class='ocrx_word' id='word_1_184' title='bbox 1212 4245 1249 4290; x_wconf 90' lang='lat' dir='ltr'>re</span> <span class='ocrx_word' id='word_1_185' title='bbox 1296 4221 1457 4290; x_wconf 89' lang='lat' dir='ltr'>efficienti</span> 
     </span>
     <span class='ocr_line' id='line_1_27' title="bbox 339 4367 530 4435; baseline 0 -1"><span class='ocrx_word' id='word_1_186' title='bbox 339 4367 530 4435; x_wconf 88' lang='lat' dir='ltr'>adhibetur.</span> 
     </span>
    </p>
   </div>
   <div class='ocr_carea' id='block_1_7' title="bbox 0 0 1652 5342">
    <p class='ocr_par' dir='ltr' id='par_1_9' title="bbox 0 0 1652 5342">
     <span class='ocr_line' id='line_1_28' title="bbox 0 0 1652 5342; baseline 0 0"><span class='ocrx_word' id='word_1_187' title='bbox 0 0 1652 5342; x_wconf 95' lang='lat' dir='ltr'> </span> 
     </span>
    </p>
   </div>
  </div>
 </body>
</html>
