3296 5342
668 632 711 697 93

138 851 283 921 adhibito
306 877 367 941 pro
391 852 541 934 πρόπολος
569 853 773 938 „minister”,
795 852 882 941 quod
902 855 1018 918 exstat
1036 850 1158 918 Helen.
1179 853 1254 934 576,

138 993 257 1082 Hippol
280 995 365 1078 200,
391 995 514 1062 Aesch.
540 994 686 1082 Choeph.
712 995 786 1060 358.
811 1030 855 1043 -

178 1133 224 1202 Ut
245 1134 347 1202 Herc.
371 1135 411 1202 F.
437 1136 500 1202 181
532 1131 672 1216 ὕβρισμα
704 1135 744 1203 de
769 1133 950 1202 Centauris
975 1139 1130 1202 concreto
1154 1157 1255 1204 sensu

139 1275 327 1360 adhibetur,
353 1276 401 1343 sic
424 1276 584 1344 Androm.
608 1278 673 1344 261
698 1278 739 1344 de
764 1276 1001 1345 Andromache
1025 1277 1168 1366 dicitur:

180 1413 199 1480 ὦ
228 1417 383 1500 βάρβαρον
418 1418 453 1483 σὺ
487 1417 621 1500 θρέμμα
651 1418 703 1483 καί
726 1420 848 1500 σκληρὸν
871 1417 1002 1500 θρσίσος,
1026 1421 1099 1488 Ion.
1123 1420 1191 1486 204
1213 1419 1255 1487 de

142 1557 326 1628 Chimaera:
351 1560 409 1624 τίον
431 1564 489 1641 πῦρ
514 1560 660 1625 πνέουσαν
683 1559 789 1641 ἐναίρει
812 1559 1000 1642 τρισώματον
1024 1559 1135 1626 ίλκαν.
1158 1601 1202 1608 -

178 1848 204 1912 b.
249 1847 439 1913 Eandem
469 1845 815 1936 explicationem
845 1828 977 1934 atque
1000 1843 1255 1926 τεθρίππους

138 1987 317 2064 ἁμίλλας
346 1988 374 2074 ¹)
410 1989 674 2056 admittunt:

176 2273 279 2362 Apud
313 2272 606 2360 Aeschylum:

177 2416 286 2484 Prom.
309 2416 373 2482 852
396 2415 488 2494 νέννα
511 2414 670 2497 Φεύμυυσα
694 2423 823 2493 συγγενῆ
845 2412 948 2491 μιίμον
971 2414 1108 2493 οίνεψιῶν.

176 2556 279 2636 μιίμον
309 2558 484 2646 participii
511 2557 586 2627 vice
617 2557 798 2644 fungente,
835 2565 965 2635 συννενῆ
996 2554 1097 2634 νιίμον
1128 2556 1257 2635 οὶνεφιῶν

137 2699 360 2788 interpretor:
385 2705 553 2778 συγγενεῖς.
577 2699 599 2765 1.
625 2722 652 2766 e.
677 2698 835 2779 σίνεψιοιίς,
858 2702 1047 2776 γαμοῦντας.

178 2841 289 2908 Prom.
314 2843 377 2908 147
412 2841 540 2922 πέτραις
563 2839 831 2921 προσαυαινόμενον
854 2839 955 2903 ταῖσδ’
980 2835 1257 2916 σίδαμαντοδέτοίνι

137 2981 249 3060 λύμαις
265 2983 306 3069 ²),
330 2983 352 3050 i.
374 3006 401 3050 e.
426 2981 642 3059 ἀδαμαντίνοις
667 2983 789 3059 δεσμοῖς
812 2981 1044 3058 λυμαινομένοις
1066 2980 1122 3048 vel
1142 2993 1257 3055 λυμαν-

138 3129 243 3205 τρρίοις
267 3126 309 3192 cf.
333 3125 416 3191 ibid.
441 3149 490 3192 vs.
515 3126 579 3191 991
605 3124 671 3205 πρὶν
688 3123 725 3188 ίαν
749 3121 905 3204 χαλασθῇ
929 3123 1033 3202 δεσμοί
1056 3123 1255 3203 λυμαντήρια.

182 3268 347 3335 Similiter
370 3265 456 3330 αἰκία
478 3271 683 3354 usurpatur:

182 3409 289 3477 Prom.
314 3409 379 3476 599
415 3405 624 3488 σκιρτημάτων
648 3407 777 3482 νήστισιν
800 3406 913 3479 αίκίαις
937 3404 1124 3487 λαβρόσυτος
1147 3399 1257 3478 ἦλθον,

139 3549 160 3616 i.
191 3574 219 3617 e.
258 3551 441 3630 σκιρτήμασι
475 3549 605 3622 νήστισιν
633 3549 662 3635 ³)
706 3548 871 3630 αίκίζουσι,
909 3548 1083 3633 „saltibus
1117 3545 1257 3627 ieiunis,

139 3692 293 3780 (corpori)
317 3691 548 3758 nocentibus.”

184 3958 210 4029 ¹)
233 3957 299 4017 Vide
320 3974 367 4034 pg.
392 3956 447 4030 12,
472 3955 516 4016 19.

182 4061 211 4141 ²)
241 4064 415 4124 Deltweller:
436 4067 518 4130 λιίμας
534 4073 583 4118 τῶν
600 4066 774 4130 ἀδαμαντίνων
793 4065 902 4130 δεσμῶν.

178 4171 248 4245 Frcy
267 4173 348 4245 putat
368 4169 508 4244 epitheton
523 4170 670 4228 traiectum
687 4185 746 4228 esse
765 4187 782 4228 a
799 4167 971 4240 Prometheo,
990 4167 1039 4242 qui
1057 4167 1262 4233 αδαμιιισνδισσε

144 4279 311 4336 «adamante
331 4277 466 4335 vinctus»
489 4279 541 4335 est.

183 4386 211 4457 3)
241 4386 284 4444 De
304 4384 424 4459 epitheto
445 4391 531 4446 νῆστις
548 4382 699 4441 «ieiunus»
721 4382 756 4442 cf.
776 4399 842 4456 pag.
864 4380 913 4440 49.
