3296 5342
935 652 979 719 22

391 849 535 926 habere,
569 849 627 915 ubi
659 852 720 917 aut
752 848 1002 917 substantivum
1030 871 1107 916 cum
1137 848 1294 935 genetivo
1319 847 1516 935 periphrasi

392 991 576 1076 inserviat,
612 995 674 1059 aut
706 991 886 1079 genetivus
917 992 1084 1059 commode
1117 994 1233 1059 abesse
1263 990 1370 1079 possit
1404 989 1459 1077 (ut
1480 991 1517 1056 in

372 1133 475 1208 Ant.
500 1135 564 1202 793
586 1140 678 1206 νεῖκος
702 1133 810 1216 ἀνδρῶν
833 1132 991 1221 ξύναιμον)
1017 1135 1142 1203 sufficit
1166 1135 1209 1202 ad
1230 1134 1341 1203 omnia
1360 1132 1519 1222 exempla

394 1299 415 1344 a
447 1276 692 1344 Lobeckio
727 1277 834 1345 citata
869 1278 1077 1366 explicanda.
1113 1278 1221 1366 Saepe
1257 1276 1344 1345 enim
1379 1276 1440 1360 fit,
1477 1280 1520 1343 ut

394 1419 497 1485 etiam
519 1424 656 1506 praeter
678 1421 893 1509 periphrasin
915 1421 1087 1490 adiectiva
1110 1444 1184 1488 cum
1202 1418 1363 1509 primario
1381 1418 1519 1487 nomine

393 1557 503 1648 potius
527 1563 775 1650 coniungantur
798 1586 897 1652 quam
921 1588 994 1632 cum
1018 1565 1187 1652 genetivo,
1211 1569 1252 1631 ut
1271 1563 1353 1630 Eur.
1373 1561 1521 1630 Electra

393 1704 460 1771 450
484 1730 491 1771 :
515 1703 639 1778 Θέτιδος
662 1704 788 1770 εἰνάλιον
811 1704 902 1784 γόνον.

437 1845 534 1913 Idem
566 1847 788 1916 Matthiae
828 1849 1024 1917 &riechische
1058 1849 1257 1916 Grammatih
1282 1849 1329 1915 II
1342 1870 1397 1933 pp.
1426 1847 1519 1914 1004

395 1992 506 2056 certas
539 1989 634 2077 leges
667 1990 821 2059 invenire
855 1997 994 2059 conatus
1025 1995 1087 2060 est.
1119 1991 1186 2059 Sed
1209 1996 1287 2080 post
1310 1990 1382 2058 eius
1407 1991 1522 2057 obser-

395 2134 564 2218 vationes,
600 2140 636 2202 et
668 2135 704 2202 id
738 2136 826 2224 quod
856 2135 941 2203 dicit
963 2135 1148 2202 Kiihncr
1171 2135 1399 2218 Ausfia'trtirhe
1424 2133 1522 2200 Gric-

395 2279 514 2345 ctr'scte
571 2251 767 2346 Grammctr't
819 2279 865 2344 II
913 2280 936 2362 §
979 2278 1046 2344 402
1092 2280 1251 2355 manet„
1279 2275 1368 2364 quod
1416 2279 1524 2363 putat

394 2419 659 2508 Bernhardy
700 2421 1004 2506 Wisscuschafttiche
1038 2419 1162 2504 Spatura
1196 2421 1251 2486 der
1287 2419 1345 2486 Gr.
1377 2417 1523 2500 Spraete

390 2585 445 2649 pp.
468 2563 535 2630 427
560 2564 604 2630 ad
627 2563 751 2631 calcem
774 2564 937 2651 paginae:
966 2564 1070 2648 „Eine
1096 2562 1298 2650 sorgfttltige
1317 2560 1525 2648 Forschung

395 2708 480 2775 iiber
503 2707 612 2775 dieses
635 2707 807 2795 poetische
831 2707 939 2774 Idiom
961 2707 1079 2776 w'urde
1102 2707 1199 2774 nicht
1221 2705 1409 2792 unwichtig
1432 2704 1522 2788 sein,

396 2872 451 2915 um
475 2848 530 2916 die
554 2849 671 2916 antike
695 2849 980 2917 Dichtertechnik
1002 2873 1045 2916 zu
1067 2849 1299 2932 beurtheilen‚
1324 2847 1430 2916 selbst
1458 2870 1522 2914 um

397 2991 530 3059 allerlei
564 2992 827 3078 Machanismus‚
863 2993 928 3062 wie
963 2993 1018 3060 die
1052 2993 1214 3081 gefiigige
1246 2991 1442 3081 Hypallage
1474 3016 1524 3060 au

397 3136 644 3224 verdrdngen.''

441 3280 534 3366 Ergo
568 3279 719 3347 nitentes
753 3278 813 3364 iis,
847 3302 934 3368 quae
964 3278 1001 3346 hi
1032 3279 1100 3346 viri
1122 3278 1213 3347 docti
1236 3278 1522 3366 disputaverunt,

399 3422 592 3491 accuratius
615 3445 685 3490 rem
710 3422 864 3509 aggressi
887 3427 968 3489 sunt
992 3422 1026 3490 J.
1053 3421 1254 3489 Schmidt
1275 3420 1336 3505 „dc
1356 3417 1524 3507 epithetis

398 3566 589 3655 compositis
623 3566 660 3632 in
694 3565 873 3652 tragoedia
909 3563 1043 3632 Graeca
1071 3563 1287 3652 usurpatis’',
1308 3561 1525 3630 Dettwei-

397 3709 463 3776 ler
501 3711 604 3794 „iiber
639 3709 704 3776 den
734 3707 883 3775 freieren
913 3704 1093 3775 Gebrauch
1116 3707 1176 3774 der
1198 3708 1525 3791 zusammengesetz-

397 3856 458 3920 ten
487 3851 671 3921 Adiectiva
700 3851 757 3920 bei
778 3849 972 3939 Aeschylus
983 3851 1012 3934 ”‚
1036 3849 1248 3916 Remheld
1275 3848 1335 3933 „de
1356 3847 1526 3936 epitheto·

398 4021 472 4064 rum
508 3996 765 4086 compositorum
797 3995 887 4084 apud
917 3992 1115 4082 Euripidem
1137 4016 1201 4059 usu
1224 4015 1264 4060 ac
1285 3991 1523 4060 formatione”.

400 4138 467 4207 Sed
502 4162 569 4206 non
604 4138 740 4221 dubito,
774 4136 855 4226 quin
877 4160 920 4204 ne
943 4136 997 4203 his
1021 4134 1156 4224 quidem
1179 4135 1379 4222 contigerit,
1403 4139 1444 4202 ut
1466 4133 1524 4220 id,

400 4281 487 4369 quod
520 4304 579 4348 nos
614 4283 768 4368 occupat,
801 4279 904 4346 certis
926 4278 1059 4364 legibus
1083 4276 1396 4345 circumscriberent
1418 4283 1526 4366 atque

400 4423 533 4492 varium
567 4447 664 4492 usum
698 4421 823 4511 poetici
857 4421 957 4488 huius
989 4419 1124 4509 generis
1147 4420 1282 4488 dicendi
1307 4420 1343 4486 in
1367 4419 1524 4489 diversas
