3296 5342
683 633 726 698 87

194 827 287 916 Sept.
325 828 390 896 172
424 824 532 890 κλύετε
555 822 712 907 παρθένων
734 823 916 907 χειροτόνους
938 823 1045 898 λιτύς,
1068 823 1128 892 ubi
1149 846 1265 912 preces

150 969 243 1058 ipsae
266 993 386 1039 manus
408 970 588 1038 tendentes
610 969 796 1056 finguntur.

193 1112 285 1200 Sept.
311 1113 377 1179 320
399 1110 530 1190 ὀξυγόοις
553 1118 684 1177 λιταῖσιν
711 1069 830 1194 „clara
851 1133 932 1178 voce
955 1109 1121 1177 eiulans''.

236 1307 250 1339 ,‚
311 1255 375 1321 142
409 1261 540 1319 λιταῖσιν
571 1252 761 1327 θεοκλύτοις,
790 1252 894 1337 „deos
916 1251 1125 1342 implorans''
1154 1251 1185 1339 ¹)
1208 1248 1266 1317 Ad

150 1398 265 1464 horum
298 1397 490 1484 analogiam
519 1399 665 1465 fortasse
688 1396 852 1485 explicari
875 1400 1005 1484 potest,
1028 1394 1118 1484 quod
1138 1394 1267 1481 legitur

150 1540 286 1608 Eumen.
324 1541 390 1608 718
426 1538 649 1622 πρωτοκτόνοισι
683 1537 798 1616 Ἰξίονος
832 1544 1052 1620 τροστροτοιῖς,
1090 1537 1149 1604 ubi
1170 1537 1266 1625 ipsae

148 1707 260 1772 preces
284 1683 419 1751 caedem
442 1683 614 1772 perficisse
638 1682 808 1750 dicantus.
831 1682 883 1748 De
901 1680 1077 1770 Euripidis
1089 1679 1165 1747 Ale.
1179 1680 1265 1746 1159

151 1824 269 1903 βωμοὺς
292 1827 395 1890 κνισύιν
418 1811 594 1904 βούθύτοισι
617 1830 819 1907 τροστροτοοῖς
843 1824 920 1892 vide
942 1847 999 1912 pg.
1024 1824 1066 1890 13
1090 1845 1160 1911 sqq.

139 2103 143 2110 ’
246 2109 316 2177 ΠΙ.
350 2111 403 2176 De
425 2131 660 2178 assmicloslose
682 2131 740 2176 usu
762 2130 988 2193 semseeoems,
1012 2127 1089 2182 Qum
1112 2127 1181 2172 snm

503 2275 700 2321 ssssmcsloim
723 2273 924 2319 tumemus.

193 2485 349 2554 Secunda
372 2508 490 2570 eausa,
521 2508 590 2574 qua
611 2509 678 2553 non
701 2485 816 2553 statim
840 2485 1029 2567 vinculum,
1053 2505 1117 2572 quo
1141 2480 1269 2569 epithe-

149 2631 207 2694 ton
229 2651 306 2696 cum
329 2626 543 2696 substantivo
566 2629 761 2717 populatur,
786 2627 964 2712 sentimus,
987 2629 1147 2693 versatur
1169 2624 1206 2690 in
1229 2645 1269 2691 eo

149 2769 339 2854 notissime,
386 2770 551 2858 imprimis
592 2775 787 2858 poetarum,
823 2793 894 2836 ¹usu
927 2767 1076 2846 dicendi,
1112 2789 1176 2855 quo
1208 2787 1271 2854 per

150 2911 311 2998 figuram,
347 2933 433 3000 quae
468 2911 595 2979 dieitur
616 2910 828 2998 metonymia
854 2908 902 2996 ²),
927 2910 1097 2977 notionem
1119 2909 1270 2975 abstrae-

151 3058 221 3120 tam
243 3053 281 3119 in
302 3053 472 3121 notionem
494 3058 684 3122 concretam
710 3053 860 3121 transire
883 3052 1047 3121 videmus.

193 3193 307 3261 Primo
347 3195 419 3260 loco
459 3195 522 3264 hoe
565 3203 667 3285 eaput
701 3167 887 3264 eontinebit
920 3195 1009 3264 tales
1044 3192 1270 3282 epithetorum

153 3337 505 3426 substantivorumque
528 3338 795 3416 coniunctiones,
819 3337 930 3427 qualis
952 3359 1020 3404 una
1044 3338 1097 3404 est
1115 3334 1271 3403 HeraF.

156 3477 235 3544 181:
271 3479 476 3560 τετροισιιελὲς
510 3478 664 3562 ὕβρισμαι,
699 3479 870 3560 Κενταύρων
902 3479 1004 3558 γένος,
1037 3479 1078 3545 de
1112 3500 1177 3567 quo
1200 3476 1272 3545 loeo

154 3646 363 3662 ἡ

196 3745 223 3826 ¹)
252 3749 375 3809 Verbum
416 3756 565 3805 νισκιοτιιν
604 3748 745 3807 invenitur
783 3748 856 3822 apud
886 3747 1057 3820 Aeschylum
1088 3746 1166 3805 Pers.
1196 3744 1272 3817 500,

154 3855 312 3930 Euripidem
331 3855 429 3914 Medea
447 3856 516 3916 207.

194 3963 223 4040 ²)
253 3963 297 4021 De
326 3961 442 4020 disemis
471 3961 618 4036 genelibus
647 3961 829 4036 metonymiae
859 3961 920 4020 vide
947 3957 1108 4034 Bernhardy
1128 3961 1204 4034 Synt.
1225 3957 1273 4017 der

153 4067 259 4128 (triech.
290 4069 410 4142 Spraehe
438 4086 485 4143 pg.
515 4069 555 4128 45
585 4085 655 4142 sqq„
685 4068 805 4128 Ktthner
833 4068 881 4128 Gr.
907 4067 1028 4126 Gramm.
1050 4067 1084 4126 II
1103 4084 1151 4141 pg.
1171 4067 1190 4126 9
1210 4082 1271 4140 sqq.

153 4174 287 4234 Matthiae
318 4175 365 4234 Gr.
388 4174 434 4234 Gr.
457 4175 490 4233 11
509 4177 525 4248 ς
545 4174 620 4247 309,
640 4174 710 4234 429.
732 4175 845 4234 Gerbert
865 4175 930 4233 «die
950 4174 1069 4248 Spraehe
1089 4174 1131 4232 als
1150 4169 1272 4233 Kunst'’.

151 4281 194 4342 De
226 4281 419 4356 ‹Metonymia
447 4282 602 4341 abstractae
631 4281 751 4340 notionis
780 4299 829 4356 pro
849 4283 974 4341 concreta
992 4279 1066 4355 apud
1085 4276 1273 4354 Aeschylum’'

152 4389 267 4464 scripsit
285 4388 376 4448 Rtttsr
394 4388 478 4448 Halis
498 4388 587 4448 1877.
