3296 5342
686 614 729 681 13

195 809 348 878 Eandem
374 810 691 899 interpretationem
714 832 754 877 ac
775 807 948 890 ξιφοκτόνον
970 809 1093 888 eloym
1117 811 1273 880 admittit

149 976 199 1022 vs.
227 954 292 1020 154
325 953 417 1035 Φονοιὶ
448 952 633 1036 θνροιιτύνοι,
663 958 699 1022 et
720 978 770 1021 vs.
795 955 883 1021 1320
906 954 1146 1029 πολυπλονύπυν
1169 951 1271 1019 πύνυν.

149 1093 264 1162 Minus
283 1099 377 1163 recte
396 1095 507 1183 igitur
525 1095 627 1182 Hugo
647 1095 804 1163 Jnrenka
816 1096 970 1183 (Wiener
981 1095 1077 1164 Stud.
1091 1096 1218 1164 XVIII
1230 1095 1272 1162 ι2

149 1259 206 1325 pg.
242 1237 321 1324 252)
365 1238 410 1305 ad
448 1236 571 1306 Aesch.
606 1238 716 1306 Prom.
751 1239 817 1306 585
851 1237 1040 1304 πολύπλανοι
1074 1237 1190 1304 πλοινιιὶ
1225 1239 1273 1308 sic

150 1378 419 1467 interpretatur:
457 1378 669 1465 „contraxere
703 1379 901 1448 bezeichnet
930 1381 985 1449 die
1016 1380 1192 1448 einzelnen
1213 1379 1273 1448 Be·

150 1519 361 1587 standtheile
395 1521 456 1588 der
491 1544 633 1608 groszen
667 1522 818 1590 Irrfahrt
848 1522 1031 1609 (πλιινιύ).”
1067 1523 1146 1591 Tali
1168 1524 1272 1591 inter·

150 1661 340 1750 pretationi
363 1663 516 1751 quamvis
539 1663 631 1731 l'ocus
656 1687 730 1732 esse
751 1664 859 1752 possit
878 1664 915 1731 in
932 1665 1043 1732 Alom.
1062 1665 1104 1733 fr.
1120 1666 1273 1743 1πολυρο-

151 1805 249 1882 μερὶς
271 1804 366 1883 μέλος
390 1806 659 1894 (vielgliedriges
679 1808 789 1894 Lied),
812 1812 873 1876 aut
890 1809 927 1875 in
946 1808 1099 1876 Platonis
1117 1809 1273 1878 Phaedro

151 1948 220 2013 238
243 1946 278 2013 Α
299 1945 387 2028 ύβρις
408 1947 444 2013 δὲ
467 1948 503 2022 δὴ
522 1948 724 2027 πολυώνυμον·
743 1949 946 2027 πολυρροελὲς
963 1948 1088 2030 yctoxa>
1100 1949 1273 2025 πολυειδές,

150 2093 269 2156 temen
297 2111 340 2156 ex
364 2095 559 2178 comparato
584 2113 686 2158 versu
704 2092 769 2158 202
790 2091 952 2160 Helenae:
973 2087 1170 2167 πολυπλανὴς
1189 2092 1277 2168 πόσις

151 2234 299 2318 apparet
322 2230 366 2298 ad
388 2253 564 2320 personam
585 2233 698 2320 potius
718 2255 791 2300 esse
802 2233 1015 2301 referendum
1028 2234 1212 2321 epitheton.
1231 2274 1276 2285 -

197 2537 248 2582 vs.
274 2515 361 2581 1474
385 2512 533 2592 βούθυτον
557 2515 675 2596 οὶροέροιν
698 2517 711 2580 i
735 2516 806 2588 Διὸς
828 2511 898 2581 εἷπε
920 2515 1024 2593 σέβειν
1045 2516 1138 2594 γόνος.

199 2656 366 2744 Tragicos
387 2658 530 2725 maxime
554 2657 740 2725 delectatos
765 2682 837 2726 esse
861 2659 1010 2748 epitheto
1031 2656 1180 2736 βούθυτος
1199 2683 1274 2728 cum

150 2799 370 2868 substantivo
393 2798 506 2888 aliquo
530 2797 705 2864 coniuncto
725 2798 841 2884 colligi
862 2802 977 2886 potest
995 2823 1037 2866 ex
1047 2799 1273 2888 Aeschyleis:

151 2940 215 3008 Ch.
239 2941 304 3008 261
329 2938 491 3017 βουθύτοις
513 2941 542 3003 ἐν
566 2939 695 3015 ύμοισιν,
720 2939 836 3028 Snppl.
861 2943 926 3008 706
949 2939 1123 3007 βουθύτοισι
1146 2948 1272 3019 σιροοιῖς,

149 3087 290 3171 praeter
311 3083 388 3150 Hel.
412 3083 521 3150 locum
545 3104 586 3148 ex
607 3081 661 3148 his
686 3081 878 3169 Euripidis:
903 3083 966 3150 Ion
986 3085 1051 3150 664
1070 3081 1274 3165 βονθύτρσὺν

150 3224 247 3306 ἡδονῇ,
271 3222 346 3291 Alc.
372 3223 458 3290 1159
483 3220 658 3301 βουθύτοισι
681 3228 901 3303 προστροπαῖς,
925 3228 962 3292 et
973 3224 1163 3314 Sophoclis:
1182 3227 1219 3294 Ο.
1235 3225 1272 3294 O,

152 3367 242 3435 1495
267 3363 413 3444 βούθυτον
436 3365 548 3431 ἑστιίιν.
573 3367 740 3434 Similiter
763 3367 848 3434 dicit
858 3367 948 3434 idem
959 3379 1059 3457 poeta
1071 3369 1194 3439 Trach.
1208 3371 1273 3437 609

151 3508 253 3592 ἡμέρᾳ
286 3506 507 3589 πιιυροσφούνιρ,
543 3512 579 3575 et
611 3507 808 3596 Aeschylus
842 3509 966 3596 Agam.
1001 3512 1087 3579 1592
1123 3512 1274 3594 κρεουργὸν

151 3645 247 3730 taar-

199 3792 308 3860 Credo
346 3792 399 3858 his
433 3793 594 3880 epithetis
628 3794 775 3862 activam
811 3795 1091 3882 significationem
1126 3796 1274 3865 adscribi

151 3939 320 4023 oportere,
356 3933 445 4022 quod
478 3935 613 4003 Lobech
647 3935 683 4002 in
714 3935 960 4006 Commentario
992 3939 1036 4007 ad
1059 3939 1200 4008 Aiacem
1222 3964 1272 4007 vs.

153 4077 222 4143 324
255 4100 307 4144 me
342 4075 455 4162 docet,
488 4077 664 4166 disputans
695 4080 736 4147 de
760 4084 902 4148 accentu
925 4081 1168 4150 adiectivorum
1190 4105 1273 4149 com·

151 4217 347 4306 positorum.
382 4217 460 4285 Hel.
498 4219 601 4303 1474,
638 4220 697 4287 Ch.
730 4221 793 4288 261
827 4221 975 4299 βούθυπος
1012 4225 1139 4309 „boves
1161 4223 1273 4290 immo·

151 4360 268 4468 lans’:5
303 4361 426 4429 Trach.
461 4363 526 4428 609
560 4362 776 4444 τοιυροσφύγος
810 4370 952 4448 „tauros
983 4369 1134 4433 mactans
1144 4366 1173 4448 '',
1205 4367 1272 4454 Ag.
