<?xml version="1.0" encoding="UTF-8"?>
<!DOCTYPE html PUBLIC "-//W3C//DTD XHTML 1.0 Transitional//EN"
    "http://www.w3.org/TR/xhtml1/DTD/xhtml1-transitional.dtd">
<html xmlns="http://www.w3.org/1999/xhtml" xml:lang="en" lang="en">
 <head>
  <title>
</title>
<meta http-equiv="Content-Type" content="text/html;charset=utf-8" />
  <meta name='ocr-system' content='tesseract 3.04.00' />
  <meta name='ocr-capabilities' content='ocr_page ocr_carea ocr_par ocr_line ocrx_word'/>
</head>
<body>
  <div class='ocr_page' id='page_1' title='image "./quaestionesdeep00anrogoog_0021.png"; bbox 0 0 3296 5342; ppageno 0'>
   <div class='ocr_carea' id='block_1_1' title="bbox 910 581 932 648">
    <p class='ocr_par' dir='ltr' id='par_1_1' title="bbox 910 581 932 648">
     <span class='ocr_line' id='line_1_1' title="bbox 910 581 932 648; baseline 0 0"><span class='ocrx_word' id='word_1_1' title='bbox 910 581 932 648; x_wconf 87' lang='grc'>8</span> 
     </span>
    </p>
   </div>
   <div class='ocr_carea' id='block_1_2' title="bbox 365 772 1490 3840">
    <p class='ocr_par' dir='ltr' id='par_1_2' title="bbox 365 772 1487 1286">
     <span class='ocr_line' id='line_1_2' title="bbox 365 772 1485 864; baseline 0.001 -26"><span class='ocrx_word' id='word_1_2' title='bbox 365 773 468 857; x_wconf 84' lang='lat' dir='ltr'><strong>Iuno,</strong></span> <span class='ocrx_word' id='word_1_3' title='bbox 503 773 635 858; x_wconf 88' lang='lat' dir='ltr'><strong>Venus,</strong></span> <span class='ocrx_word' id='word_1_4' title='bbox 668 775 710 843; x_wconf 87' lang='lat' dir='ltr'><strong>de</strong></span> <span class='ocrx_word' id='word_1_5' title='bbox 739 775 862 864; x_wconf 89' lang='lat' dir='ltr'><strong>quibus</strong></span> <span class='ocrx_word' id='word_1_6' title='bbox 890 775 974 844; x_wconf 80' lang='lat' dir='ltr'><strong>haee</strong></span> <span class='ocrx_word' id='word_1_7' title='bbox 1005 777 1111 845; x_wconf 80' lang='lat' dir='ltr'><strong>verbu</strong></span> <span class='ocrx_word' id='word_1_8' title='bbox 1141 774 1234 842; x_wconf 80' lang='lat' dir='ltr'><strong>dicta</strong></span> <span class='ocrx_word' id='word_1_9' title='bbox 1262 778 1357 856; x_wconf 84' lang='lat' dir='ltr'><strong>sunt,</strong></span> <span class='ocrx_word' id='word_1_10' title='bbox 1392 772 1485 839; x_wconf 88' lang='lat' dir='ltr'><strong>nullo</strong></span> 
     </span>
     <span class='ocr_line' id='line_1_3' title="bbox 366 912 1487 1006; baseline -0.002 -26"><span class='ocrx_word' id='word_1_11' title='bbox 366 914 562 982; x_wconf 86' lang='lat' dir='ltr'><strong>coniunctae</strong></span> <span class='ocrx_word' id='word_1_12' title='bbox 596 919 677 983; x_wconf 88' lang='lat' dir='ltr'><strong>suut</strong></span> <span class='ocrx_word' id='word_1_13' title='bbox 708 916 859 1000; x_wconf 88' lang='lat' dir='ltr'><strong>vinculo,</strong></span> <span class='ocrx_word' id='word_1_14' title='bbox 902 916 954 984; x_wconf 82' lang='lat' dir='ltr'><strong>ite</strong></span> <span class='ocrx_word' id='word_1_15' title='bbox 986 923 1027 984; x_wconf 89' lang='lat' dir='ltr'><strong>ut</strong></span> <span class='ocrx_word' id='word_1_16' title='bbox 1060 915 1153 984; x_wconf 90' lang='lat' dir='ltr'><strong>notio</strong></span> <span class='ocrx_word' id='word_1_17' title='bbox 1183 938 1269 1006; x_wconf 84' lang='lat' dir='ltr'><strong>quae</strong></span> <span class='ocrx_word' id='word_1_18' title='bbox 1299 915 1374 982; x_wconf 89' lang='lat' dir='ltr'><strong>voci</strong></span> <span class='ocrx_word' id='word_1_19' title='bbox 1396 912 1487 994; x_wconf 74' lang='grc' dir='ltr'><strong>ζυγόν</strong></span> 
     </span>
     <span class='ocr_line' id='line_1_4' title="bbox 365 1056 1487 1146; baseline 0 -23"><span class='ocrx_word' id='word_1_20' title='bbox 365 1056 457 1125; x_wconf 89' lang='lat' dir='ltr'><strong>inest</strong></span> <span class='ocrx_word' id='word_1_21' title='bbox 489 1057 589 1144; x_wconf 86' lang='lat' dir='ltr'>plane</span> <span class='ocrx_word' id='word_1_22' title='bbox 621 1063 811 1125; x_wconf 77' lang='lat' dir='ltr'>evanescat.</span> <span class='ocrx_word' id='word_1_23' title='bbox 845 1057 929 1126; x_wconf 81' lang='lat' dir='ltr'><strong>Alie</strong></span> <span class='ocrx_word' id='word_1_24' title='bbox 956 1081 1093 1146; x_wconf 88' lang='lat' dir='ltr'><strong>prorsus</strong></span> <span class='ocrx_word' id='word_1_25' title='bbox 1117 1058 1364 1145; x_wconf 82' lang='lat' dir='ltr'><strong>significatione</strong></span> <span class='ocrx_word' id='word_1_26' title='bbox 1388 1056 1487 1124; x_wconf 84' lang='lat' dir='ltr'><strong>Euri·</strong></span> 
     </span>
     <span class='ocr_line' id='line_1_5' title="bbox 367 1197 1146 1286; baseline 0.005 -23"><span class='ocrx_word' id='word_1_27' title='bbox 367 1197 463 1286; x_wconf 87' lang='lat' dir='ltr'><strong>pides</strong></span> <span class='ocrx_word' id='word_1_28' title='bbox 498 1222 548 1267; x_wconf 99' lang='grc' dir='ltr'><strong>νε.</strong></span> <span class='ocrx_word' id='word_1_29' title='bbox 585 1199 671 1265; x_wconf 87' lang='grc'><strong>1039</strong></span> <span class='ocrx_word' id='word_1_30' title='bbox 706 1198 825 1267; x_wconf 76' lang='lat' dir='ltr'><strong>scribit</strong></span> <span class='ocrx_word' id='word_1_31' title='bbox 855 1198 1035 1281; x_wconf 80' lang='grc' dir='ltr'><strong>τετροίζυνοι</strong></span> <span class='ocrx_word' id='word_1_32' title='bbox 1069 1198 1146 1280; x_wconf 79' lang='grc' dir='ltr'><strong>ίχοι.</strong></span> 
     </span>
    </p>

    <p class='ocr_par' dir='ltr' id='par_1_3' title="bbox 367 1339 1490 1996">
     <span class='ocr_line' id='line_1_6' title="bbox 414 1339 1487 1432; baseline 0 -24"><span class='ocrx_word' id='word_1_33' title='bbox 414 1340 608 1428; x_wconf 80' lang='lat' dir='ltr'><strong>Sequuntur</strong></span> <span class='ocrx_word' id='word_1_34' title='bbox 642 1364 731 1408; x_wconf 89' lang='lat' dir='ltr'><strong>nune</strong></span> <span class='ocrx_word' id='word_1_35' title='bbox 760 1341 823 1409; x_wconf 80' lang='lat' dir='ltr'><strong>illa</strong></span> <span class='ocrx_word' id='word_1_36' title='bbox 845 1342 1034 1425; x_wconf 59' lang='lat' dir='ltr'><strong>adiective,</strong></span> <span class='ocrx_word' id='word_1_37' title='bbox 1054 1364 1141 1432; x_wconf 85' lang='lat' dir='ltr'><strong>quee</strong></span> <span class='ocrx_word' id='word_1_38' title='bbox 1165 1365 1240 1409; x_wconf 89' lang='lat' dir='ltr'><strong>cum</strong></span> <span class='ocrx_word' id='word_1_39' title='bbox 1264 1339 1487 1409; x_wconf 78' lang='lat' dir='ltr'><strong>substantivis</strong></span> 
     </span>
     <span class='ocr_line' id='line_1_7' title="bbox 367 1481 1488 1571; baseline -0.004 -20"><span class='ocrx_word' id='word_1_40' title='bbox 367 1483 545 1551; x_wconf 79' lang='lat' dir='ltr'><strong>coniuncte</strong></span> <span class='ocrx_word' id='word_1_41' title='bbox 577 1482 686 1571; x_wconf 82' lang='lat' dir='ltr'><strong>primo</strong></span> <span class='ocrx_word' id='word_1_42' title='bbox 722 1485 845 1552; x_wconf 90' lang='lat' dir='ltr'><strong>obtutu</strong></span> <span class='ocrx_word' id='word_1_43' title='bbox 875 1485 920 1552; x_wconf 86' lang='lat' dir='ltr'><strong>ad</strong></span> <span class='ocrx_word' id='word_1_44' title='bbox 949 1507 1064 1552; x_wconf 89' lang='lat' dir='ltr'><strong>eorum</strong></span> <span class='ocrx_word' id='word_1_45' title='bbox 1096 1483 1300 1551; x_wconf 85' lang='lat' dir='ltr'><strong>sententiam</strong></span> <span class='ocrx_word' id='word_1_46' title='bbox 1331 1481 1488 1549; x_wconf 85' lang='lat' dir='ltr'><strong>definien-</strong></span> 
     </span>
     <span class='ocr_line' id='line_1_8' title="bbox 370 1623 1489 1714; baseline -0.002 -24"><span class='ocrx_word' id='word_1_47' title='bbox 370 1623 448 1691; x_wconf 83' lang='lat' dir='ltr'><strong>dum</strong></span> <span class='ocrx_word' id='word_1_48' title='bbox 476 1624 650 1712; x_wconf 84' lang='lat' dir='ltr'><strong>pertinere</strong></span> <span class='ocrx_word' id='word_1_49' title='bbox 681 1624 769 1690; x_wconf 87' lang='lat' dir='ltr'><strong>nihil</strong></span> <span class='ocrx_word' id='word_1_50' title='bbox 800 1625 990 1709; x_wconf 81' lang='lat' dir='ltr'><strong>videantur,</strong></span> <span class='ocrx_word' id='word_1_51' title='bbox 1016 1629 1053 1693; x_wconf 87' lang='lat' dir='ltr'><strong>et</strong></span> <span class='ocrx_word' id='word_1_52' title='bbox 1075 1648 1215 1714; x_wconf 87' lang='lat' dir='ltr'><strong>quorum</strong></span> <span class='ocrx_word' id='word_1_53' title='bbox 1237 1623 1372 1693; x_wconf 83' lang='lat' dir='ltr'><strong>varium</strong></span> <span class='ocrx_word' id='word_1_54' title='bbox 1393 1646 1489 1689; x_wconf 86' lang='lat' dir='ltr'><strong>usum</strong></span> 
     </span>
     <span class='ocr_line' id='line_1_9' title="bbox 372 1765 1490 1857; baseline -0.003 -23"><span class='ocrx_word' id='word_1_55' title='bbox 372 1767 462 1856; x_wconf 79' lang='lat' dir='ltr'><strong>apud</strong></span> <span class='ocrx_word' id='word_1_56' title='bbox 495 1765 706 1853; x_wconf 81' lang='lat' dir='ltr'><strong>Aeschylum</strong></span> <span class='ocrx_word' id='word_1_57' title='bbox 740 1775 775 1835; x_wconf 90' lang='lat' dir='ltr'><strong>et</strong></span> <span class='ocrx_word' id='word_1_58' title='bbox 809 1768 1008 1856; x_wconf 80' lang='lat' dir='ltr'><strong>Euripidem</strong></span> <span class='ocrx_word' id='word_1_59' title='bbox 1042 1767 1211 1857; x_wconf 81' lang='lat' dir='ltr'><strong>explicere</strong></span> <span class='ocrx_word' id='word_1_60' title='bbox 1246 1765 1329 1832; x_wconf 93' lang='lat' dir='ltr'><strong>mihi</strong></span> <span class='ocrx_word' id='word_1_61' title='bbox 1362 1766 1399 1832; x_wconf 92' lang='lat' dir='ltr'><strong>in</strong></span> <span class='ocrx_word' id='word_1_62' title='bbox 1429 1765 1490 1832; x_wconf 88' lang='lat' dir='ltr'><strong>huc</strong></span> 
     </span>
     <span class='ocr_line' id='line_1_10' title="bbox 371 1907 806 1996; baseline 0 -21"><span class='ocrx_word' id='word_1_63' title='bbox 371 1907 488 1975; x_wconf 81' lang='lat' dir='ltr'><strong>libello</strong></span> <span class='ocrx_word' id='word_1_64' title='bbox 510 1907 717 1996; x_wconf 86' lang='lat' dir='ltr'><strong>propositum</strong></span> <span class='ocrx_word' id='word_1_65' title='bbox 744 1915 806 1975; x_wconf 88' lang='lat' dir='ltr'><strong>est.</strong></span> 
     </span>
    </p>

    <p class='ocr_par' dir='ltr' id='par_1_4' title="bbox 422 2047 1098 2130">
     <span class='ocr_line' id='line_1_11' title="bbox 422 2047 1098 2130; baseline 0.004 -16"><span class='ocrx_word' id='word_1_66' title='bbox 422 2047 517 2130; x_wconf 77' lang='lat' dir='ltr'><strong>Quae</strong></span> <span class='ocrx_word' id='word_1_67' title='bbox 539 2048 575 2114; x_wconf 91' lang='lat' dir='ltr'><strong>in</strong></span> <span class='ocrx_word' id='word_1_68' title='bbox 596 2049 729 2117; x_wconf 80' lang='lat' dir='ltr'><strong>Helena</strong></span> <span class='ocrx_word' id='word_1_69' title='bbox 752 2055 873 2118; x_wconf 80' lang='lat' dir='ltr'>extant</span> <span class='ocrx_word' id='word_1_70' title='bbox 895 2050 978 2117; x_wconf 89' lang='lat' dir='ltr'>haee</span> <span class='ocrx_word' id='word_1_71' title='bbox 1001 2059 1098 2118; x_wconf 89' lang='lat' dir='ltr'><strong>sunt:</strong></span> 
     </span>
    </p>

    <p class='ocr_par' dir='ltr' id='par_1_5' title="bbox 461 2189 1451 3840">
     <span class='ocr_line' id='line_1_12' title="bbox 461 2189 1132 2274; baseline -0.003 -17"><span class='ocrx_word' id='word_1_72' title='bbox 461 2214 511 2258; x_wconf 94' lang='grc' dir='ltr'><strong>νε.</strong></span> <span class='ocrx_word' id='word_1_73' title='bbox 603 2192 616 2256; x_wconf 98' lang='grc'><strong>1</strong></span> <span class='ocrx_word' id='word_1_74' title='bbox 669 2190 780 2256; x_wconf 83' lang='grc' dir='ltr'><strong>Νείλου</strong></span> <span class='ocrx_word' id='word_1_75' title='bbox 801 2189 1042 2274; x_wconf 65' lang='grc' dir='ltr'><strong>καλλιπάρθενοι</strong></span> <span class='ocrx_word' id='word_1_76' title='bbox 1066 2190 1132 2272; x_wconf 81' lang='grc' dir='ltr'><strong>ῥοαί</strong></span> 
     </span>
     <span class='ocr_line' id='line_1_13' title="bbox 476 2331 1431 2416; baseline -0.002 -18"><span class='ocrx_word' id='word_1_77' title='bbox 476 2385 490 2416; x_wconf 83' lang='lat'>„</span> <span class='ocrx_word' id='word_1_78' title='bbox 562 2332 626 2398; x_wconf 87' lang='grc'><strong>136</strong></span> <span class='ocrx_word' id='word_1_79' title='bbox 673 2332 776 2411; x_wconf 67' lang='grc' dir='ltr'><strong>εὐγενῆ</strong></span> <span class='ocrx_word' id='word_1_80' title='bbox 799 2331 892 2413; x_wconf 80' lang='grc' dir='ltr'><strong>δίρκν.</strong></span> <span class='ocrx_word' id='word_1_81' title='bbox 985 2357 1033 2400; x_wconf 90' lang='grc' dir='ltr'><strong>νε.</strong></span> <span class='ocrx_word' id='word_1_82' title='bbox 1059 2333 1145 2399; x_wconf 87' lang='grc'><strong>1187</strong></span> <span class='ocrx_word' id='word_1_83' title='bbox 1167 2333 1275 2414; x_wconf 75' lang='grc' dir='ltr'><strong>κρατὸς</strong></span> <span class='ocrx_word' id='word_1_84' title='bbox 1297 2333 1431 2410; x_wconf 71' lang='grc' dir='ltr'><strong>εὐγενοῦς</strong></span> 
     </span>
     <span class='ocr_line' id='line_1_14' title="bbox 476 2470 958 2558; baseline 0.004 -21"><span class='ocrx_word' id='word_1_85' title='bbox 476 2524 491 2558; x_wconf 79' lang='lat'>„</span> <span class='ocrx_word' id='word_1_86' title='bbox 563 2474 627 2540; x_wconf 85' lang='lat'><strong>154</strong></span> <span class='ocrx_word' id='word_1_87' title='bbox 672 2471 763 2554; x_wconf 82' lang='grc' dir='ltr'><strong>Φίναι</strong></span> <span class='ocrx_word' id='word_1_88' title='bbox 786 2470 958 2554; x_wconf 83' lang='grc' dir='ltr'><strong>θνροκτίνοι</strong></span> 
     </span>
     <span class='ocr_line' id='line_1_15' title="bbox 477 2613 1446 2699; baseline 0.002 -19"><span class='ocrx_word' id='word_1_89' title='bbox 477 2666 492 2699; x_wconf 81' lang='lat'><strong>‚,</strong></span> <span class='ocrx_word' id='word_1_90' title='bbox 562 2616 629 2682; x_wconf 84' lang='lat'><strong>204</strong></span> <span class='ocrx_word' id='word_1_91' title='bbox 674 2613 824 2696; x_wconf 83' lang='grc' dir='ltr'><strong>Κοίοτορος</strong></span> <span class='ocrx_word' id='word_1_92' title='bbox 879 2640 914 2681; x_wconf 81' lang='grc' dir='ltr'><strong>τε</strong></span> <span class='ocrx_word' id='word_1_93' title='bbox 970 2616 1112 2696; x_wconf 73' lang='grc' dir='ltr'><strong>συγγόνου</strong></span> <span class='ocrx_word' id='word_1_94' title='bbox 1165 2641 1200 2682; x_wconf 81' lang='grc' dir='ltr'><strong>τε</strong></span> <span class='ocrx_word' id='word_1_95' title='bbox 1251 2617 1446 2696; x_wconf 67' lang='grc' dir='ltr'><strong>διδυμογενὲς</strong></span> 
     </span>
     <span class='ocr_line' id='line_1_16' title="bbox 673 2756 991 2840; baseline 0.009 -19"><span class='ocrx_word' id='word_1_96' title='bbox 673 2756 810 2836; x_wconf 73' lang='grc' dir='ltr'><strong>ἄγαλμα</strong></span> <span class='ocrx_word' id='word_1_97' title='bbox 844 2758 991 2840; x_wconf 81' lang='grc' dir='ltr'><strong>πατρίδος</strong></span> 
     </span>
     <span class='ocr_line' id='line_1_17' title="bbox 568 2899 997 3038; baseline 0 -72"><span class='ocrx_word' id='word_1_98' title='bbox 568 2972 632 3038; x_wconf 73' lang='lat'><strong>355</strong></span> <span class='ocrx_word' id='word_1_99' title='bbox 677 2899 849 2982; x_wconf 79' lang='grc' dir='ltr'><strong>ξιφοκτόνον</strong></span> <span class='ocrx_word' id='word_1_100' title='bbox 871 2900 997 2980; x_wconf 75' lang='grc' dir='ltr'><strong>διώνμα</strong></span> 
     </span>
     <span class='ocr_line' id='line_1_18' title="bbox 481 3021 1026 3124; baseline -0.004 -16"><span class='ocrx_word' id='word_1_101' title='bbox 481 3021 495 3054; x_wconf 75' lang='lat'>”</span> <span class='ocrx_word' id='word_1_102' title='bbox 678 3042 878 3124; x_wconf 83' lang='grc' dir='ltr'><strong>αὐτοσίδαρος</strong></span> <span class='ocrx_word' id='word_1_103' title='bbox 901 3039 1026 3121; x_wconf 74' lang='grc' dir='ltr'><strong>ι’ίμιιιλα</strong></span> 
     </span>
     <span class='ocr_line' id='line_1_19' title="bbox 481 3182 1028 3269; baseline -0.004 -17"><span class='ocrx_word' id='word_1_104' title='bbox 481 3235 496 3269; x_wconf 81' lang='lat'>„</span> <span class='ocrx_word' id='word_1_105' title='bbox 567 3186 631 3252; x_wconf 83' lang='lat'><strong>386</strong></span> <span class='ocrx_word' id='word_1_106' title='bbox 676 3182 864 3265; x_wconf 80' lang='grc' dir='ltr'><strong>τεθρίππους</strong></span> <span class='ocrx_word' id='word_1_107' title='bbox 887 3183 1028 3263; x_wconf 77' lang='grc' dir='ltr'><strong>οὶριίλλας</strong></span> 
     </span>
     <span class='ocr_line' id='line_1_20' title="bbox 481 3325 1031 3412; baseline -0.002 -20"><span class='ocrx_word' id='word_1_108' title='bbox 481 3378 495 3412; x_wconf 87' lang='lat'><strong>‚‚</strong></span> <span class='ocrx_word' id='word_1_109' title='bbox 545 3327 632 3394; x_wconf 90' lang='grc'><strong>1320</strong></span> <span class='ocrx_word' id='word_1_110' title='bbox 677 3327 915 3401; x_wconf 75' lang='grc' dir='ltr'><strong>πολυπλανιίτοιν</strong></span> <span class='ocrx_word' id='word_1_111' title='bbox 940 3325 1031 3391; x_wconf 83' lang='grc' dir='ltr'><strong>πίνων</strong></span> 
     </span>
     <span class='ocr_line' id='line_1_21' title="bbox 482 3467 1451 3554; baseline 0.001 -19"><span class='ocrx_word' id='word_1_112' title='bbox 482 3520 496 3554; x_wconf 85' lang='lat'>„</span> <span class='ocrx_word' id='word_1_113' title='bbox 546 3469 631 3536; x_wconf 86' lang='grc'><strong>1382</strong></span> <span class='ocrx_word' id='word_1_114' title='bbox 677 3467 847 3549; x_wconf 79' lang='grc' dir='ltr'><strong>ναύφθορος</strong></span> <span class='ocrx_word' id='word_1_115' title='bbox 870 3470 971 3544; x_wconf 77' lang='grc' dir='ltr'><strong>στολή.</strong></span> <span class='ocrx_word' id='word_1_116' title='bbox 1018 3471 1104 3538; x_wconf 84' lang='grc'><strong>1539</strong></span> <span class='ocrx_word' id='word_1_117' title='bbox 1149 3468 1314 3551; x_wconf 80' lang='grc' dir='ltr'><strong>ναιίφθοροι</strong></span> <span class='ocrx_word' id='word_1_118' title='bbox 1336 3471 1451 3537; x_wconf 82' lang='grc' dir='ltr'><strong>πέπλοι</strong></span> 
     </span>
     <span class='ocr_line' id='line_1_22' title="bbox 482 3609 964 3697; baseline -0.002 -20"><span class='ocrx_word' id='word_1_119' title='bbox 482 3611 634 3697; x_wconf 67' lang='grc'><strong>,1474</strong></span> <span class='ocrx_word' id='word_1_120' title='bbox 678 3609 825 3688; x_wconf 80' lang='grc' dir='ltr'><strong>βούθυτον</strong></span> <span class='ocrx_word' id='word_1_121' title='bbox 851 3611 964 3693; x_wconf 75' lang='grc' dir='ltr'><strong>ἡμέραν</strong></span> 
     </span>
     <span class='ocr_line' id='line_1_23' title="bbox 482 3752 1120 3840; baseline -0.003 -20"><span class='ocrx_word' id='word_1_122' title='bbox 482 3803 498 3840; x_wconf 83' lang='lat'><strong>,‚</strong></span> <span class='ocrx_word' id='word_1_123' title='bbox 547 3753 633 3820; x_wconf 86' lang='grc'><strong>1502</strong></span> <span class='ocrx_word' id='word_1_124' title='bbox 678 3752 847 3836; x_wconf 79' lang='grc' dir='ltr'><strong>κυανίχροα</strong></span> <span class='ocrx_word' id='word_1_125' title='bbox 867 3752 1010 3832; x_wconf 81' lang='grc' dir='ltr'><strong>κυμοίτων</strong></span> <span class='ocrx_word' id='word_1_126' title='bbox 1032 3752 1120 3834; x_wconf 80' lang='grc' dir='ltr'><strong>ῥόθια</strong></span> 
     </span>
    </p>
   </div>
   <div class='ocr_carea' id='block_1_3' title="bbox 379 3891 1498 3987">
    <p class='ocr_par' dir='ltr' id='par_1_6' title="bbox 379 3891 1498 3987">
     <span class='ocr_line' id='line_1_24' title="bbox 379 3891 1498 3987; baseline 0.007 -28"><span class='ocrx_word' id='word_1_127' title='bbox 379 3891 618 3977; x_wconf 68' lang='grc' dir='ltr'><strong>καλλιπάρθενοι</strong></span> <span class='ocrx_word' id='word_1_128' title='bbox 654 3893 726 3975; x_wconf 75' lang='grc' dir='ltr'><strong>ρὀαί.</strong></span> <span class='ocrx_word' id='word_1_129' title='bbox 772 3895 907 3962; x_wconf 88' lang='lat' dir='ltr'><strong>Lebeck</strong></span> <span class='ocrx_word' id='word_1_130' title='bbox 940 3895 1089 3983; x_wconf 80' lang='lat' dir='ltr'><strong>Paralip.</strong></span> <span class='ocrx_word' id='word_1_131' title='bbox 1120 3897 1159 3962; x_wconf 94' lang='grc' dir='ltr'><strong>ΙΙ</strong></span> <span class='ocrx_word' id='word_1_132' title='bbox 1188 3920 1243 3985; x_wconf 86' lang='lat' dir='ltr'><strong>pg.</strong></span> <span class='ocrx_word' id='word_1_133' title='bbox 1276 3898 1340 3964; x_wconf 89' lang='grc'><strong>372</strong></span> <span class='ocrx_word' id='word_1_134' title='bbox 1370 3897 1498 3987; x_wconf 79' lang='lat' dir='ltr'><strong>aliique</strong></span> 
     </span>
    </p>
   </div>
   <div class='ocr_carea' id='block_1_4' title="bbox 380 4036 1499 4269">
    <p class='ocr_par' dir='ltr' id='par_1_7' title="bbox 380 4036 1499 4269">
     <span class='ocr_line' id='line_1_25' title="bbox 381 4036 1498 4125; baseline 0.002 -19"><span class='ocrx_word' id='word_1_135' title='bbox 381 4039 421 4106; x_wconf 86' lang='lat' dir='ltr'><strong>de</strong></span> <span class='ocrx_word' id='word_1_136' title='bbox 455 4038 518 4105; x_wconf 90' lang='lat' dir='ltr'><strong>hoe</strong></span> <span class='ocrx_word' id='word_1_137' title='bbox 552 4036 702 4125; x_wconf 86' lang='lat' dir='ltr'><strong>epitheto</strong></span> <span class='ocrx_word' id='word_1_138' title='bbox 736 4037 950 4125; x_wconf 82' lang='lat' dir='ltr'><strong>disputantes</strong></span> <span class='ocrx_word' id='word_1_139' title='bbox 984 4036 1022 4103; x_wconf 90' lang='lat' dir='ltr'><strong>id</strong></span> <span class='ocrx_word' id='word_1_140' title='bbox 1050 4060 1111 4125; x_wconf 85' lang='lat' dir='ltr'><strong>pro</strong></span> <span class='ocrx_word' id='word_1_141' title='bbox 1145 4039 1348 4108; x_wconf 84' lang='lat' dir='ltr'><strong>attributivc</strong></span> <span class='ocrx_word' id='word_1_142' title='bbox 1378 4040 1498 4108; x_wconf 84' lang='lat' dir='ltr'><strong>haberi</strong></span> 
     </span>
     <span class='ocr_line' id='line_1_26' title="bbox 380 4176 1499 4269; baseline 0.004 -24"><span class='ocrx_word' id='word_1_143' title='bbox 380 4180 516 4263; x_wconf 86' lang='lat' dir='ltr'>volunt,</span> <span class='ocrx_word' id='word_1_144' title='bbox 540 4178 563 4245; x_wconf 87' lang='lat' dir='ltr'><strong>i.</strong></span> <span class='ocrx_word' id='word_1_145' title='bbox 589 4201 616 4245; x_wconf 91' lang='lat' dir='ltr'><strong>e.</strong></span> <span class='ocrx_word' id='word_1_146' title='bbox 638 4176 739 4250; x_wconf 70' lang='grc' dir='ltr'><strong>καλὰς</strong></span> <span class='ocrx_word' id='word_1_147' title='bbox 764 4176 931 4259; x_wconf 78' lang='grc' dir='ltr'><strong>παρθένους</strong></span> <span class='ocrx_word' id='word_1_148' title='bbox 955 4176 1097 4258; x_wconf 81' lang='grc' dir='ltr'><strong>ἔχουσαι,</strong></span> <span class='ocrx_word' id='word_1_149' title='bbox 1123 4180 1358 4269; x_wconf 79' lang='lat' dir='ltr'><strong>explicantque</strong></span> <span class='ocrx_word' id='word_1_150' title='bbox 1381 4181 1499 4250; x_wconf 90' lang='lat' dir='ltr'><strong>Nilum</strong></span> 
     </span>
    </p>
   </div>
   <div class='ocr_carea' id='block_1_5' title="bbox 382 4319 1500 4411">
    <p class='ocr_par' dir='ltr' id='par_1_8' title="bbox 382 4319 1500 4411">
     <span class='ocr_line' id='line_1_27' title="bbox 382 4319 1500 4411; baseline 0.003 -23"><span class='ocrx_word' id='word_1_151' title='bbox 382 4322 435 4394; x_wconf 72' lang='lat' dir='ltr'><strong>ita</strong></span> <span class='ocrx_word' id='word_1_152' title='bbox 468 4320 635 4411; x_wconf 80' lang='lat' dir='ltr'><strong>appellari</strong></span> <span class='ocrx_word' id='word_1_153' title='bbox 668 4325 808 4409; x_wconf 87' lang='lat' dir='ltr'>propter</span> <span class='ocrx_word' id='word_1_154' title='bbox 841 4319 1010 4407; x_wconf 85' lang='lat' dir='ltr'><strong>nymphus</strong></span> <span class='ocrx_word' id='word_1_155' title='bbox 1044 4342 1128 4409; x_wconf 80' lang='lat' dir='ltr'><strong>ques</strong></span> <span class='ocrx_word' id='word_1_156' title='bbox 1161 4326 1295 4390; x_wconf 86' lang='lat' dir='ltr'>veteres</span> <span class='ocrx_word' id='word_1_157' title='bbox 1328 4323 1440 4390; x_wconf 87' lang='lat' dir='ltr'><strong>fontes</strong></span> <span class='ocrx_word' id='word_1_158' title='bbox 1464 4327 1500 4391; x_wconf 88' lang='lat' dir='ltr'><strong>et</strong></span> 
     </span>
    </p>
   </div>
   <div class='ocr_carea' id='block_1_6' title="bbox 0 0 1674 5342">
    <p class='ocr_par' dir='ltr' id='par_1_9' title="bbox 0 0 1674 5342">
     <span class='ocr_line' id='line_1_28' title="bbox 0 0 1674 5342; baseline 0 0"><span class='ocrx_word' id='word_1_159' title='bbox 0 0 1674 5342; x_wconf 95' lang='lat' dir='ltr'><strong> </strong></span> 
     </span>
    </p>
   </div>
  </div>
 </body>
</html>
