3296 5342
686 649 729 715 69

148 841 265 920 λείβειν
296 842 387 909 idem
418 843 535 910 valens
566 865 606 908 ao
632 841 857 928 ,sanguinem
881 841 1082 910 effundere''
1107 865 1272 932 nusquam

147 985 334 1054 invenitur.
380 985 466 1052 Mihi
510 984 654 1052 maxime
700 984 833 1051 arridet
871 983 1064 1051 coniectura
1099 984 1269 1068 Sohiitzii,

145 1127 332 1196 iudicantis
367 1151 385 1196 e
417 1128 590 1217 particula
623 1124 722 1207 ἶίτπερ
755 1126 969 1216 perspicuum
1004 1148 1078 1194 esse
1112 1127 1148 1192 in
1182 1126 1271 1212 τύχρ

144 1269 257 1337 latero
292 1271 508 1355 vocabulum,
543 1271 632 1360 quod
664 1270 898 1358 metaphoram
928 1270 1110 1337 contineat.
1143 1270 1271 1338 Scribit

143 1415 276 1490 autem,
309 1413 461 1480 referens
492 1413 537 1480 ad
559 1413 655 1480 illam
678 1412 970 1501 superstitionem,
995 1421 1051 1496 ut,
1077 1413 1135 1501 qui
1159 1413 1270 1479 huma·

143 1577 227 1620 num
261 1554 460 1640 sanguinem
494 1554 675 1638 bibissent,
712 1577 767 1621 eos
799 1554 929 1621 furiosa
958 1553 1103 1643 quadam
1127 1554 1271 1621 audacia

143 1697 297 1763 incendi:
322 1695 486 1777 Φονολιβεῑ
503 1695 632 1778 τεύχει,
660 1696 803 1784 ,poculo
826 1718 979 1763 eruorem
1004 1696 1171 1779 stillanti,
1196 1718 1270 1763 san-

142 1838 249 1925 guine
282 1839 490 1907 redundanti
500 1838 529 1924 ,'’
565 1847 600 1906 et
624 1839 815 1926 germanice
840 1839 887 1906 sio
910 1838 1033 1908 vertit:
1062 1838 1137 1921 ,Du
1158 1846 1270 1905 rasest

144 1979 242 2047 nieht
275 1981 417 2063 anders,
454 1981 505 2049 als
540 1983 580 2048 ob
615 1983 661 2048 du
691 1981 769 2047 dioh
792 1982 827 2046 in
852 1981 962 2048 einem
984 1980 1192 2048 Blutbeeher
1213 1980 1268 2046 be·

143 2125 287 2192 rausoht
311 2125 476 2192 nattum
501 2164 544 2170 —

190 2266 331 2331 Eumon.
354 2266 421 2333 960
454 2265 591 2330 νεανίδων
625 2265 780 2346 ε’πκροίτων
813 2265 1009 2346 ἀνδροτυχεῖς
1044 2263 1164 2341 βιότους
1186 2262 1267 2331 δότε.

143 2406 341 2488 ἀνδροτυχεῖς
367 2409 497 2493 „virum
520 2410 775 2477 nanciscentes''
798 2409 933 2498 proprie
958 2408 1109 2496 virgines
1133 2412 1221 2476 sunt.

188 2550 328 2617 Eumen.
352 2551 419 2617 476
442 2545 534 2616 αὗται
560 2551 643 2638 (soil.
669 2551 808 2638 Furiae)
830 2549 934 2632 ἔχοντι
955 2555 1061 2630 μοῖραν
1080 2551 1130 2614 οὐκ
1149 2548 1266 2626 εὐπέμ-

149 2703 247 2756 πελεν.

189 2835 402 2912 εὐπέμπελος,
440 2837 517 2926 ,qui
551 2837 652 2903 facile
686 2837 816 2904 dimitti
838 2837 987 2925 potest”,
1019 2834 1128 2903 Sohol.
1159 2838 1266 2902 meta·

146 2977 277 3066 phorioe
302 2979 468 3067 explicat:
494 2977 732 3059 εὐπαραίτητος,
756 2978 900 3058 εὐχερής,
923 2975 1092 3058 εὐάρεστος.
1116 3015 1160 3025 -

187 3119 309 3208 Agam.
346 3123 411 3188 762
444 3120 527 3186 οίκων
550 3119 712 3185 εὐθυδίκων
733 3119 906 3192 καλλίπαις
929 3120 1047 3196 πότμος
1070 3118 1133 3192 οὐεί,
1165 3118 1265 3207 ,pul-

146 3261 257 3329 chram
279 3262 408 3352 prolem
431 3264 579 3332 habens‘’
615 3265 657 3332 of.
680 3264 821 3330 Eumen.
847 3264 932 3329 1031
957 3260 1119 3341 εὐιίνδροιτι
1142 3263 1265 3341 πυροφο-

146 3410 225 3482 ραῑς,
257 3414 293 3472 et
327 3404 446 3494 Eurip.
478 3407 540 3472 Ion
572 3403 948 3481 «tereramunda.
984 3403 1100 3470 Aliter
1136 3402 1264 3469 dietum

145 3552 196 3614 est
228 3548 341 3616 Orest.
372 3550 438 3616 964
468 3547 489 3612 οἱ
520 3545 605 3611 κατὰ
636 3544 749 3627 χθονὸς
781 3546 917 3628 νερτέρων
939 3544 1111 3617 καλλίπαις
1134 3540 1197 3607 θεοί
1220 3544 1263 3611 de

143 3688 367 3779 Persephone,
404 3695 440 3758 et
473 3691 547 3779 Iph.
585 3689 625 3755 Τ.
662 3692 749 3758 1234
779 3689 888 3761 εὐπαις
918 3689 931 3752 δ
963 3692 1085 3760 Λατοῦς
1114 3685 1198 3764 γόνος
1221 3688 1264 3755 de

143 3831 318 3922 Apolline,
344 3834 475 3901 seilicet
500 3856 590 3917 ,een
617 3831 860 3900 sohoonkind'’.
884 3870 927 3877 —

184 4116 287 4207 Apud
310 4118 569 4206 Euripidem
591 4123 731 4205 praeter
753 4117 815 4183 Ion
837 4117 901 4185 491
929 4116 983 4204 (of.
998 4116 1112 4204 supra)
1125 4119 1261 4183 tantum

142 4256 222 4325 haee
245 4259 379 4329 inveni:

184 4400 320 4489 Hippol
347 4401 435 4468 1110
457 4400 543 4478 μετὰ
565 4399 592 4466 δ’
614 4399 739 4465 ἵσταται
763 4399 903 4481 οίνδροίοιν
926 4399 1157 4474 πολυπλοίνκτος
1177 4400 1257 4467 αίύν.
