3296 5342
882 620 947 685 110

869 815 971 880 XIII.

402 985 501 1052 Ovid.
526 986 662 1053 Metam.
689 986 773 1052 IX:
799 986 864 1051 196
887 985 1028 1073 visaque
1051 984 1204 1051 deieci.

489 1129 614 1216 Lege:
640 1128 818 1196 disiaci.

869 1324 965 1390 XIV.

403 1492 531 1561 Caesar
553 1495 592 1560 B.
618 1493 659 1560 G.
692 1494 809 1560 1:26
835 1520 841 1560 :
865 1495 903 1560 4:
936 1495 1005 1560 Diu
1040 1517 1113 1560 cum
1148 1499 1239 1561 esset
1272 1498 1488 1582 pugnatum,

446 1636 695 1724 impedimentis
721 1637 975 1724 castrisque
999 1637 1107 1704 nostri
1130 1637 1233 1724 potiti
1256 1641 1345 1702 sunt.

491 1779 557 1846 Pro
592 1781 850 1869 castrisque
884 1780 1065 1864 legendum
1088 1786 1141 1846 est
1163 1780 1409 1868 carrisque.

882 1978 957 2044 XV.

405 2172 521 2241 Cicero
541 2197 601 2262 pro
621 2175 761 2260 Ligario
787 2175 879 2258 522:
903 2175 991 2240 Nam
1013 2173 1042 2240 si
1061 2173 1187 2240 crimen
1201 2185 1253 2240 est
1273 2173 1488 2258 voluisse,

449 2342 515 2385 ncn
537 2319 647 2384 minus
671 2341 830 2403 magnum
853 2321 906 2384 est
929 2342 988 2384 vcs
1011 2316 1175 2401 Africam,
1200 2339 1311 2383 arcem
1335 2317 1490 2384 omnium

449 2460 699 2549 provinciarum
706 2509 799 2526 .....
832 2459 985 2526 obtinere
1016 2459 1178 2541 voluisse,
1212 2481 1312 2546 quam
1335 2459 1492 2547 aliquem

450 2626 484 2668 se
510 2603 679 2669 maluisse.

494 2746 684 2813 Delendum
708 2748 761 2813 est
783 2746 929 2833 primum
952 2746 1161 2813 voluisse.

873 2941 968 3008 XVI.

406 3137 525 3204 Livius
549 3138 590 3203 21
617 3163 624 3203 :
651 3138 692 3203 18
717 3163 723 3203 :
749 3138 786 3203 8:
822 3138 945 3225 Itaque
981 3137 1135 3225 quoniam
1170 3137 1316 3205 discerni
1351 3137 1491 3224 placet,

451 3279 532 3366 quid
565 3279 697 3368 publico
731 3279 886 3352 consilio.
918 3279 1000 3368 quid
1031 3303 1092 3346 sua
1116 3283 1232 3367 sponte
1263 3280 1492 3367 imperatores

450 3423 581 3491 faciant
604 3447 672 3511 sqq.

495 3563 589 3632 Ante
611 3566 726 3653 placet
748 3565 962 3632 inserendum
987 3571 1039 3632 est
1061 3589 1150 3630 non.

870 3762 985 3828 XVII.

408 3957 529 4024 Livius
553 3959 596 4023 30
621 3984 627 4024 :
654 3958 695 4023 16
721 3983 727 4023 :
752 3959 790 4023 4:
823 3957 891 4039 Qui
922 3957 981 4024 ubi
1011 3956 1047 4022 in
1079 3962 1193 4024 castra
1216 3958 1368 4022 Romana
1391 3967 1429 4022 et
1454 3957 1495 4023 in

451 4099 660 4188 praetorium
689 4104 934 4187 pervenerunt,
971 4122 1060 4166 more
1096 4097 1377 4165 adulantium
1412 4122 1494 4185 pro·

454 4244 654 4310 cubuerunt.

497 4383 791 4451 Adulantium
825 4387 1022 4452 mutandum
1046 4384 1157 4451 estin
1194 4383 1497 4451 adorantium.
