3296 5342
936 629 978 693 76

444 819 498 886 Ex
530 822 584 890 his
614 823 765 910 intelligi
794 829 936 912 possunt
970 847 1027 905 ea,
1060 845 1147 912 quae
1170 823 1297 890 maiore
1320 824 1459 898 audacia
1484 825 1512 910 ¹)

397 963 492 1031 dieta
514 965 693 1052 leguntur:

443 1105 546 1195 Apud
580 1107 902 1195 Aeschylum:

442 1246 537 1315 Pers.
573 1250 638 1315 939
672 1247 859 1329 πολύδακρυν
893 1247 1020 1330 ἰακχαι.
1055 1249 1242 1336 Epitheton
1273 1249 1362 1337 quod
1383 1247 1512 1337 proprie

397 1390 570 1476 siguificat
609 1391 759 1474 „multas
793 1391 951 1458 lacrimas
985 1389 1141 1457 habens”
1179 1392 1222 1457 ad
1246 1413 1423 1480 personam
1445 1413 1515 1479 per·

396 1531 496 1615 tinet,
532 1533 573 1599 ef.
609 1532 700 1600 Pers.
737 1535 802 1600 948
836 1532 996 1615 αρίδακρυρ
1025 1531 1111 1610 γόος,
1135 1534 1194 1600 ubi
1217 1534 1342 1602 elamor
1365 1534 1435 1622 ipse
1455 1557 1514 1622 pro

397 1672 530 1740 homine
553 1674 715 1742 clamanti
738 1676 896 1744 lacrimas
919 1677 1045 1743 habere
1069 1677 1204 1744 dicitur.

443 1815 565 1901 Agam.
589 1819 656 1883 244
678 1816 761 1894 eyia
784 1817 985 1899 δἀταύριισος
1009 1818 1090 1883 αὔδα
1113 1817 1217 1896 ἐτίμα.

442 1956 612 2039 ιὶσαύρασις
639 1960 669 2046 ²)
703 1960 726 2026 i.
751 1984 781 2049 q.
817 1958 963 2038 ἄζευκσις
1001 1962 1137 2044 „virum
1167 1962 1314 2028 nondum
1350 1967 1487 2049 experta
1495 1959 1513 1987 ”

397 2100 442 2165 ad
476 2100 688 2188 Iphigeniam
722 2103 937 2170 referendum
972 2108 1034 2169 est.
1071 2103 1127 2170 sic
1160 2103 1262 2170 lectio
1297 2128 1386 2188 mss,
1416 2125 1513 2191 quam

396 2241 549 2330 plerique
584 2243 730 2312 editores
764 2245 801 2310 in
836 2245 918 2328 ααιρῖ
952 2242 1154 2326 δἀσαύριισις
1178 2245 1512 2327 attenuaverunt,

396 2384 540 2452 retineri
561 2392 683 2473 potest.

441 2524 564 2611 Agam.
586 2529 651 2593 920
671 2527 749 2604 μηδὲ
769 2526 926 2609 βαρβάρου
950 2528 1051 2608 dorio
1074 2527 1155 2602 δίκην
1180 2528 1385 2609 χαμαιπετὲς
1406 2525 1513 2606 βόαμα

396 2665 571 2749 σρισχιὶιιρς
606 2667 690 2746 ἐμοί,
729 2671 848 2754 „humi
881 2679 1073 2758 prostratus
1110 2671 1274 2748 olam0r”,
1320 2694 1342 2738 a
1373 2692 1513 2759 persona
1620 2664 1621 2752 l

397 2809 679 2898 (Clytaemestra)
714 2813 920 2879 translatum
959 2813 1006 2898 3);
1043 2812 1259 2898 cogitandum
1295 2821 1348 2879 est
1383 2812 1423 2879 de
1447 2834 1513 2892 σρι-

393 2953 530 3028 σκαιήσει
576 2954 815 3036 barbarorum,
862 2954 920 3042 qui
965 2954 1002 3020 in
1043 2958 1172 3021 terram
1217 2954 1383 3042 prostrati
1417 2976 1511 3040 reges

396 3097 593 3165 adorabant.

440 3238 532 3328 Sept.
569 3240 633 3305 348
691 3237 820 3319 βλαχαι
862 3236 1066 3316 αἱματόεσσαι
1101 3242 1158 3302 τῶν
1192 3238 1415 3316 ἐπιμαστιδίων
1449 3240 1511 3319 αρτι

395 3383 519 3461 σρεφεῖς
543 3379 720 3461 βρέμονται.

439 3729 466 3809 ¹)
487 3733 522 3792 ef.
542 3733 614 3807 quod
634 3749 680 3806 pg.
703 3732 740 3790 72
761 3731 886 3789 diximus
906 3730 938 3789 de
959 3731 1085 3804 partibus
1106 3731 1233 3804 eorporis.

437 3855 466 3936 ²)
486 3858 604 3916 Parodia
622 3857 706 3915 huius
725 3855 870 3929 eompositi
890 3855 1030 3913 invenitur
1045 3854 1161 3928 Lysistr.
1181 3853 1256 3914 217:
1276 3856 1339 3909 σικιι
1358 3856 1511 3922 δἀταυρασι

392 3960 471 4026 διάξω
489 3961 534 4010 σὸν
551 3962 615 4023 βίον.

437 4078 464 4150 ³)
484 4077 536 4135 Sed
555 4076 628 4133 Pind
649 4075 692 4133 Ol.
715 4075 801 4133 92l2
822 4081 999 4143 χιιμιιιιησιῖς
1023 4081 1111 4142 λόγοι,
1130 4073 1213 4147 Pyth.
1237 4072 1272 4131 6:
1292 4074 1330 4132 37
1352 4078 1512 4143 χαμαιπετὲς

392 4188 453 4246 ἕσις
483 4183 590 4258 proprie
620 4182 698 4239 humi
729 4181 854 4240 cadentia
874 4183 956 4240 verba
977 4181 995 4240 i.
1019 4198 1042 4239 e.
1064 4180 1135 4238 nihil
1155 4180 1319 4250 efficientia,
1340 4197 1427 4250 vana,
1447 4181 1512 4237 ima·

393 4292 457 4365 gine
487 4291 573 4364 petita
598 4307 615 4348 a
634 4289 753 4364 lanceis,
777 4305 847 4363 quae
867 4292 931 4347 ante
951 4291 1051 4346 metam
1074 4287 1151 4345 humi
1172 4287 1282 4346 cudunt.
1304 4287 1462 4360 (Breuning
1481 4285 1510 4342 do

391 4398 534 4457 adieetivis
553 4396 711 4472 oompositis
730 4396 806 4471 apud
827 4395 1000 4468 Pindarum).
