3296 5342
740 609 761 675 3

185 803 228 871 ab
261 801 427 892 Euripide
455 802 572 889 rogari
605 800 836 892 Aeschylum,
874 807 915 870 ut
948 803 1124 892 prologum
1157 805 1304 894 aliquem
1332 844 1335 850 >

184 945 332 1013 examini
355 969 414 1014 suo
438 946 599 1032 subiciat;
624 946 679 1014 oui
701 945 762 1014 ille
785 946 912 1015 recitat
934 946 1070 1015 initium
1093 946 1258 1037 Choepln:

231 1088 349 1174 „Em
378 1085 505 1169 χθόνιε,
537 1089 652 1171 πατρῷ’
684 1087 856 1155 ἐποπτεύων
885 1086 998 1170 κράτη,
1033 1090 1139 1158 verba
1173 1089 1304 1159 scilicet

183 1229 315 1298 Orestis
337 1231 509 1319 precantis
527 1231 564 1298 in
585 1231 715 1298 tumulo
736 1231 847 1320 patris
866 1229 1000 1298 mortui.
1022 1229 1109 1297 Tum
1120 1230 1302 1319 Euripides

181 1371 313 1461 pergit:
348 1372 424 1458 ,An
448 1373 512 1440 hoo
544 1372 615 1442 vis:
650 1372 810 1456 Hermes,
845 1372 903 1461 qui
937 1372 1047 1460 patris
1078 1371 1143 1438 mei
1166 1371 1302 1439 caedem

181 1513 369 1603 aspexisti?
389 1513 528 1582 Minime
539 1566 546 1598 ,
559 1515 740 1603 respondet
751 1512 961 1601 Aeschylus,
976 1513 1034 1582 sed
1044 1513 1124 1580 hoc:
1145 1513 1298 1597 Hermes,

175 1655 238 1745 qui
255 1659 297 1724 ut
306 1653 520 1737 ψυχόπομποσ
530 1679 668 1724 munere
679 1656 851 1742 fungeris,
864 1678 885 1723 a
897 1655 979 1725 love
990 1659 1090 1744 patre
1101 1655 1167 1724 tibi
1179 1657 1259 1723 dato
1268 1657 1298 1722 ”.

224 1795 312 1866 Utra
344 1799 552 1887 probabilior
586 1799 686 1866 huius
721 1798 785 1866 loci
820 1799 992 1866 sententia
1027 1798 1090 1881 sit,
1121 1799 1158 1865 in
1188 1799 1297 1867 medio

176 1939 424 2030 relinquemus,
438 1941 499 2009 sed
510 1941 571 2008 boo
582 1941 735 2010 videmus
748 1939 960 2028 Aeschylum
972 1941 1048 2009 voci
1058 1939 1153 2021 κράτη
1165 1941 1296 2009 omnino

175 2082 283 2150 alium
304 2105 439 2152 sensum
458 2084 648 2151 attribuere
666 2089 768 2173 ablue
786 2083 1001 2172 Euripidem,
1019 2084 1136 2172 itaque
1148 2084 1298 2171 ambigui

175 2223 309 2314 aliquid
341 2248 383 2294 ex
412 2225 465 2293 his
489 2225 602 2294 verbis
625 2226 723 2312 oriri,
748 2248 867 2314 nempe
891 2225 1028 2293 diversa
1050 2225 1296 2313 significatione

173 2367 384 2436 substantivi
407 2367 508 2436 simul
529 2368 736 2437 functionem
761 2368 922 2436 adiectivi
945 2368 1080 2449 πατρῷος
1102 2369 1239 2436 mutari.

221 2507 331 2592 Quam
354 2508 638 2593 observationem,
662 2531 683 2576 a
701 2509 833 2577 nemine
854 2509 942 2598 quod
962 2509 1065 2577 sciam
1082 2508 1210 2576 factam
1224 2514 1294 2579 aut

173 2659 267 2720 certe
298 2652 505 2741 propositam
533 2651 649 2739 magni
679 2652 839 2719 momenti
872 2674 946 2719 esse
981 2651 1025 2719 ad
1058 2653 1141 2719 bene
1176 2652 1294 2720 distin·

171 2794 344 2882 guendum
386 2795 623 2877 artificiosum,
665 2798 707 2862 nt
746 2794 798 2861 ita
829 2793 956 2875 dicam,
999 2793 1097 2859 illum
1131 2794 1293 2883 epitheto·

171 2961 250 3004 rum
282 2938 538 3026 compositorum
570 2960 668 3004 usum
704 2936 794 3026 apud
823 2936 989 3022 tragicos,
1026 2935 1130 3002 etiam
1153 2958 1292 3024 appare-

171 3078 243 3162 bit,
268 3079 298 3147 si
321 3078 474 3168 epitheta
495 3078 574 3160 illa,
599 3079 744 3168 quaein
766 3078 901 3146 Helena
922 3077 1102 3164 tragoedia
1127 3079 1156 3163 ¹)
1180 3101 1291 3146 occur·

170 3224 256 3289 runt
277 3220 374 3288 brevi
397 3220 543 3288 examini
567 3220 817 3288 subiecerimus.

219 3363 296 3447 Qua
328 3363 366 3430 in
398 3363 517 3430 fabula
548 3366 668 3430 extant
697 3363 770 3430 fere
801 3361 866 3428 LX
896 3360 1067 3429 adiectiva
1090 3361 1289 3468 composita,

170 3527 259 3595 quae
296 3528 433 3572 munere
465 3505 690 3592 epithetorim
720 3503 901 3591 iungentia
931 3504 1156 3572 substantivis
1192 3527 1290 3592 appo-

168 3652 317 3730 nuntur,
348 3647 417 3714 XX
446 3646 484 3713 in
514 3645 665 3732 dialogo,
697 3646 762 3712 XL
784 3646 821 3712 in
843 3644 1046 3712 carminibus
1070 3644 1199 3731 lyricis.

216 3788 364 3857 Maxima
386 3787 521 3877 quidem
543 3809 658 3855 corum
677 3809 757 3876 pars
769 3785 1048 3876 interpretationi
1059 3785 1189 3854 nnllam
1201 3787 1289 3853 diffi-

169 3931 334 3999 cultatem
357 3930 470 3998 affert.
504 3929 618 3997 Primo
639 3929 846 3996 invenimus:

214 4072 321 4140 Plura
343 4094 419 4138 cum
441 4065 489 4145 εὖ,
514 4084 625 4144 roae,
648 4083 758 4134 καλλι·
781 4070 979 4159 composita:

215 4262 242 4334 ¹)
277 4261 413 4320 versuum
449 4275 576 4318 numeros
611 4259 704 4317 notavi
741 4275 773 4317 ex
803 4258 938 4317 Diodorlii
958 4258 1076 4318 editione
1096 4258 1194 4332 quinta
1213 4259 1285 4330 poet.

167 4385 246 4430 soon.
267 4384 356 4442 greca
