3296 5342
382 835 508 919 κράτος,
542 837 590 904 sio
624 861 643 904 e
676 837 849 905 functione
882 858 984 927 quam
1018 838 1123 905 habet
1160 836 1295 925 ,strijd,
1340 833 1510 914 ἅμιλλο,”

383 980 510 1068 pendet
531 1003 669 1064 munus,
693 1001 757 1069 quo
780 979 938 1066 fungitur
960 979 1167 1046 adieetivum
1193 1001 1268 1045 oum
1290 979 1511 1047 substantivo

383 1121 444 1188 illo
474 1121 696 1189 coniunctum.
726 1120 882 1187 Conferri
913 1120 1017 1187 etiam
1038 1124 1180 1208 possunt
1203 1129 1341 1188 nostrae
1365 1121 1510 1207 linguae

385 1263 630 1352 expressiones,
652 1264 769 1351 quales
789 1270 868 1330 sunt
891 1285 972 1346 ,een
993 1262 1218 1330 belemmerde
1239 1263 1467 1350 vergadering
1479 1265 1512 1347 ,’²

384 1406 444 1472 ubi
478 1405 567 1472 aetio
601 1404 699 1472 verbi
731 1405 806 1494 ipsa
828 1428 890 1493 per
914 1405 1165 1472 substantivum
1187 1405 1327 1474 verbale
1353 1406 1515 1494 exprimi·
1632 1452 1633 1474 t

384 1548 461 1630 tur,
494 1569 572 1630 ,een
603 1547 782 1634 voltallige
812 1547 1079 1634 vergadering,”
1112 1568 1199 1636 quae
1232 1549 1339 1616 verba
1372 1555 1514 1615 tantum

385 1667 519 1771 valent,
554 1698 719 1777 quantum
755 1688 933 1776 ,voltallig
963 1688 1220 1775 vergaderden”
1255 1689 1308 1756 ita
1340 1693 1380 1756 ut
1417 1713 1515 1773 ,ver-

386 1830 574 1917 gadering'’
610 1829 780 1916 significet
804 1852 876 1914 eos,
900 1830 958 1919 qui
981 1835 1226 1914 convenerunt,
1253 1846 1288 1898 et
1314 1831 1375 1916 ,de
1398 1836 1515 1917 goest-

387 1972 530 2059 driftige
571 1972 839 2059 vergadering,’'
883 1972 942 2039 ubi
977 1973 1228 2040 substantivum
1263 1973 1299 2041 vi
1331 1973 1517 2042 collectiva

386 2120 586 2203 usurpatum
614 2113 735 2180 deinde
757 2135 919 2202 personae
942 2114 1050 2182 vicem
1073 2114 1174 2201 gerit.

431 2253 585 2322 Eundem
626 2255 661 2321 in
703 2256 835 2322 modum
868 2263 971 2344 atque
1008 2256 1217 2342 ,voltallige
1252 2256 1515 2344 vergadering”

390 2397 518 2466 dietum
564 2402 632 2465 est:
679 2395 867 2478 τεθρίππους
912 2396 1053 2476 ἁμίλλας
1088 2399 1110 2465 i.
1146 2422 1177 2487 q.
1212 2397 1365 2480 τέττοοροος
1401 2397 1516 2474 ἵππους
1634 2455 1635 2466 ἢ

392 2538 632 2617 ἁμιλλωμένους.

436 2681 630 2763 nosocomos
652 2679 777 2759 οἵμνλλοο
800 2686 914 2749 autem
935 2683 986 2750 ita
1009 2683 1244 2771 explicandum
1264 2686 1334 2766 est,
1355 2684 1516 2773 quoniam

391 2820 517 2902 ἅμιλλα
539 2824 593 2891 hio
617 2825 661 2892 ad
684 2825 850 2892 actionem
871 2830 1020 2914 spectat,
1056 2829 1097 2892 ut
1119 2825 1310 2914 epitheton,
1334 2828 1423 2915 quod
1447 2827 1518 2914 sig·
1635 2819 1636 2842 ³

392 2967 510 3036 nificat
537 2968 634 3056 ,ipse
655 2969 784 3035 ferrum
807 2968 997 3035 adhibens''
1030 2968 1071 3035 of.
1097 2965 1275 3048 αὐτουργός,
1305 2991 1368 3057 per
1391 2969 1519 3036 traiec-

392 3110 519 3177 tionem
552 3113 594 3178 ab
625 3118 739 3178 actore
770 3111 813 3176 ad
844 3110 1010 3177 actionem
1035 3111 1241 3177 translatum
1266 3109 1327 3192 sit,
1352 3112 1394 3175 ut
1416 3110 1518 3178 verbi

394 3275 496 3321 causa
518 3276 593 3320 oum
615 3278 675 3321 nos
699 3253 839 3319 dicimus
862 3252 1292 3340 ,verstandigonderwijs”
1307 3252 1519 3321 adiectivum

393 3396 575 3464 traiectum
610 3400 662 3463 est
696 3419 717 3463 a
750 3399 984 3483 praeceptore,
1015 3394 1072 3483 qui
1102 3395 1248 3482 prudens
1280 3396 1348 3476 est,
1374 3394 1518 3463 adeius

393 3538 652 3607 institutionem.
676 3538 806 3605 Eadem
827 3537 1009 3605 translatio
1033 3537 1321 3626 epithetiapoeta
1332 3536 1520 3605 adhibetur

394 3682 431 3748 in
463 3681 635 3763 ξιφοκτόνον
669 3680 803 3760 blanau.
835 3680 962 3748 Contra
993 3681 1029 3746 in
1061 3680 1117 3747 Or.
1142 3702 1229 3747 vers.
1255 3681 1320 3746 989
1344 3679 1377 3742 τὸ
1400 3680 1517 3744 πτοονὸν

394 3824 518 3902 δίονμοο
552 3823 675 3898 πώλων,
714 3824 845 3907 ,alatus
879 3844 1039 3911 equorum
1069 3822 1253 3909 impetus’',
1288 3843 1374 3910 quae
1409 3823 1519 3890 verba

394 3968 514 4036 valent
543 3967 631 4034 idem
666 3989 705 4033 ao
739 3967 764 4030 οἱ
791 3963 898 4030 πτοονοὶ
928 3964 1096 4041 διωκόμενον
1119 3967 1227 4037 πῶλον,
1260 3964 1412 4030 videmus
1436 3965 1518 4031 sub-

396 4108 584 4176 stantivum
614 4106 739 4184 δίονμον
769 4108 894 4175 habere
924 4106 1130 4173 functionem
1153 4105 1324 4174 diversam
1347 4127 1368 4172 a
1391 4103 1518 4182 δίωγμα

395 4251 432 4318 in
462 4251 533 4317 looo
564 4250 733 4332 Helenae,
758 4253 793 4316 et
817 4250 991 4337 epitheton
1015 4246 1128 4312 πτοονόν
1152 4248 1224 4315 sine
1248 4247 1448 4316 traiectione
1472 4248 1518 4316 ad

398 4392 648 4459 substantivum
669 4391 850 4479 pertinere.
