3296 5342
415 821 463 866 vs.
493 797 535 864 70
558 794 709 879 εύθρογκοο
738 794 821 879 ἕδραν

427 993 442 1026 „
492 941 534 1006 76
558 937 695 1020 εὐστόχῳ
718 939 816 1020 πτὲρῳ

429 1132 443 1165 „
493 1081 537 1148 10
559 1081 664 1158 εὐγενῆ
687 1078 836 1163 παρθένον

428 1276 443 1308 „
493 1223 578 1289 1331
603 1220 761 1302 εὐφύλλων
786 1221 889 1286 ἑλίκων

429 1416 442 1448 „
492 1365 581 1431 1464
603 1363 779 1442 εὐλιμένους
804 1363 904 1437 οἶκτός

432 1557 445 1590 „
496 1507 584 1574 1570
607 1505 754 1589 εύσφυρος
777 1505 859 1580 πούς.

415 1649 458 1716 In
498 1649 552 1716 his
595 1649 755 1738 exemplis
796 1649 893 1716 nullo
935 1649 1141 1738 perspicitur
1184 1649 1221 1716 in
1266 1649 1491 1738 epitheiorum

370 1792 727 1880 substantivorumque
762 1791 994 1858 coniunctione
1025 1791 1186 1875 audacia,
1210 1796 1339 1859 utnon
1362 1791 1432 1860 aiio
1454 1814 1491 1858 ro

372 1955 475 2022 quom
498 1933 570 2000 solo
592 1933 828 2021 compositione
851 1955 872 2000 o
896 1932 1105 2021 simplicibus
1124 1932 1303 2001 adieetivis
1321 1933 1406 2001 hooc
1425 1933 1493 2021 opi-

374 2075 474 2142 thota
519 2075 721 2163 discrepent.
766 2075 809 2140 In
851 2097 932 2142 voco
966 2074 1087 2152 εὐγενής
1121 2104 1164 2131 =
1196 2081 1348 2152 γενναῖος,
1382 2077 1495 2143 nobilis

377 2215 427 2282 vis
459 2215 704 2304 compositionis
734 2215 837 2303 plane
869 2201 1019 2283 evomiii.
1043 2215 1298 2303 Significatione
1325 2216 1496 2285 odieoiiva

375 2355 428 2423 ito
457 2357 639 2446 composito
662 2358 735 2425 fere
757 2357 844 2424 nihil
867 2358 1030 2426 differunt
1052 2359 1095 2425 ab
1122 2357 1302 2425 adieetivis
1329 2357 1495 2428 derivatis

374 2496 410 2563 in
434 2537 477 2545 —
500 2522 543 2571 εις
566 2500 783 2583 exeuniibuS‚
808 2500 851 2566 of.
876 2498 1017 2574 εὔκυκλος
1038 2501 1060 2567 i.
1081 2524 1111 2589 q.
1131 2497 1276 2573 κυκλόεος.
1287 2499 1385 2568 Idem
1402 2501 1496 2569 cadit

375 2639 412 2705 in
444 2638 504 2724 iis,
540 2642 577 2707 in
610 2663 750 2729 quorum
784 2641 897 2728 priore
930 2643 1076 2708 membro
1108 2655 1186 2706 πολυ
1209 2681 1252 2689 -
1276 2648 1312 2710 et
1333 2654 1428 2707 καλλι
1451 2681 1495 2691 -

375 2783 642 2871 conspiciuntur:

421 2949 470 2992 vs
519 2925 584 2992 199
607 2921 699 3002 όνομα
721 2921 885 2988 πολύπονον

436 3118 450 3152 ‚,
521 3067 586 3133 202
609 3066 808 3140 πολυπλανὴς
831 3065 918 3139 πόσος

435 3260 449 3294 „
521 3209 584 3275 211
610 3207 749 3287 δαίμονος
774 3207 954 3273 πολυστόνου

436 3402 451 3436 „
520 3351 587 3417 493
609 3347 798 3425 καλλόδοναξ
824 3349 966 3430 Εύρύτας

611 3491 646 3558 of
665 3515 715 3560 vs.
740 3492 805 3558 208
828 3490 1015 3565 δονακοέντος
1037 3491 1172 3574 Εύρύτα.

421 3633 487 3700 His
506 3633 659 3722 opposita
678 3641 758 3700 sunt
777 3654 864 3721 quae
882 3634 925 3701 ab
946 3634 986 3707 οὶ,
999 3634 1052 3708 δυς
1063 3675 1107 3683 -
1118 3658 1193 3699 κακο
1205 3673 1247 3682 -
1259 3635 1443 3724 incipiunt,
1456 3646 1498 3708 ut

421 3799 471 3843 vs.
516 3777 582 3844 405
606 3772 703 3850 όόξενοο
728 3774 892 3855 ἕποόρομαό
915 3775 1042 3863 (Herw.
1068 3775 1272 3864 ἐπιστροφαί)

437 3969 452 4002 ‚,
511 3920 576 3985 687
600 3918 638 3982 δι’
662 3918 719 3996 ἐμὲ
748 3916 904 3997 δύσγαμον

437 4113 452 4146 „
490 4062 577 4128 1120
600 4059 696 4141 Πόρος
725 4059 909 4145 αἰνόγαμος,
934 4061 1021 4150 quod
1043 4061 1133 4129 idem
1156 4065 1209 4130 esi
1232 4086 1271 4130 ac
1293 4060 1453 4142 δύσγαμος

436 4256 451 4290 ‚‚
511 4204 577 4270 694
600 4203 656 4281 ἐμὲ
679 4201 871 4282 κακόποτμον

436 4399 451 4433 ‚‚
490 4346 594 4430 1327,
620 4347 707 4413 1485
731 4344 855 4426 ἄχλοα,
880 4344 1007 4428 ἄβροχα
1031 4345 1125 4410 πέδοα
1146 4347 1218 4424 γόος.
