<?xml version="1.0" encoding="UTF-8"?>
<!DOCTYPE html PUBLIC "-//W3C//DTD XHTML 1.0 Transitional//EN"
    "http://www.w3.org/TR/xhtml1/DTD/xhtml1-transitional.dtd">
<html xmlns="http://www.w3.org/1999/xhtml" xml:lang="en" lang="en">
 <head>
  <title>
</title>
<meta http-equiv="Content-Type" content="text/html;charset=utf-8" />
  <meta name='ocr-system' content='tesseract 3.04.00' />
  <meta name='ocr-capabilities' content='ocr_page ocr_carea ocr_par ocr_line ocrx_word'/>
</head>
<body>
  <div class='ocr_page' id='page_1' title='image "./quaestionesdeep00anrogoog_0092.png"; bbox 0 0 3296 5342; ppageno 0'>
   <div class='ocr_carea' id='block_1_1' title="bbox 644 595 686 658">
    <p class='ocr_par' dir='ltr' id='par_1_1' title="bbox 644 595 686 658">
     <span class='ocr_line' id='line_1_1' title="bbox 644 595 686 658; baseline 0 0"><span class='ocrx_word' id='word_1_1' title='bbox 644 595 686 658; x_wconf 85' lang='lat'><strong>79</strong></span> 
     </span>
    </p>
   </div>
   <div class='ocr_carea' id='block_1_2' title="bbox 17 784 1230 877">
    <p class='ocr_par' dir='ltr' id='par_1_2' title="bbox 17 784 1230 877">
     <span class='ocr_line' id='line_1_2' title="bbox 17 784 1230 877; baseline 0.006 -27"><span class='ocrx_word' id='word_1_2' title='bbox 17 817 19 850; x_wconf 61' lang='lat' dir='ltr'><strong>i</strong></span> <span class='ocrx_word' id='word_1_3' title='bbox 158 787 246 854; x_wconf 88' lang='lat' dir='ltr'><strong>Pers.</strong></span> <span class='ocrx_word' id='word_1_4' title='bbox 280 787 324 854; x_wconf 84' lang='lat'><strong>55</strong></span> <span class='ocrx_word' id='word_1_5' title='bbox 353 784 501 867; x_wconf 77' lang='grc' dir='ltr'><strong><em>τοξούλκῳ</em></strong></span> <span class='ocrx_word' id='word_1_6' title='bbox 532 788 650 864; x_wconf 74' lang='grc' dir='ltr'><strong>αήματ.Ι</strong></span> <span class='ocrx_word' id='word_1_7' title='bbox 674 787 808 860; x_wconf 77' lang='grc' dir='ltr'><strong><em>πιστούς.</em></strong></span> <span class='ocrx_word' id='word_1_8' title='bbox 844 789 927 877; x_wconf 86' lang='lat' dir='ltr'><strong>Ipse</strong></span> <span class='ocrx_word' id='word_1_9' title='bbox 949 790 1108 858; x_wconf 82' lang='lat' dir='ltr'><strong>voluntas</strong></span> <span class='ocrx_word' id='word_1_10' title='bbox 1133 792 1230 860; x_wconf 86' lang='lat' dir='ltr'><strong>velut</strong></span> 
     </span>
    </p>
   </div>
   <div class='ocr_carea' id='block_1_3' title="bbox 118 929 1229 1018">
    <p class='ocr_par' dir='ltr' id='par_1_3' title="bbox 17 897 1229 1026">
     <span class='ocr_line' id='line_1_3' title="bbox 118 929 1229 1018; baseline 0.003 -23.667"><span class='ocrx_word' id='word_1_11' title='bbox 118 950 224 996; x_wconf 80' lang='lat' dir='ltr'><strong>ereum</strong></span> <span class='ocrx_word' id='word_1_12' title='bbox 249 929 390 996; x_wconf 89' lang='lat' dir='ltr'><strong>tendere</strong></span> <span class='ocrx_word' id='word_1_13' title='bbox 414 929 565 1015; x_wconf 88' lang='lat' dir='ltr'><strong>fingitur.</strong></span> <span class='ocrx_word' id='word_1_14' title='bbox 600 930 651 997; x_wconf 91' lang='lat' dir='ltr'><strong>De</strong></span> <span class='ocrx_word' id='word_1_15' title='bbox 684 931 863 1018; x_wconf 87' lang='lat' dir='ltr'><strong>composito</strong></span> <span class='ocrx_word' id='word_1_16' title='bbox 887 929 1045 1007; x_wconf 73' lang='grc' dir='ltr'><strong><em>τοξουλκός</em></strong></span> <span class='ocrx_word' id='word_1_17' title='bbox 1069 933 1110 999; x_wconf 84' lang='lat' dir='ltr'><strong>ef.</strong></span> <span class='ocrx_word' id='word_1_18' title='bbox 1135 933 1229 1000; x_wconf 88' lang='lat' dir='ltr'><strong>Pers.</strong></span> 
     </span>
    </p>
   </div>
   <div class='ocr_carea' id='block_1_4' title="bbox 17 1057 640 1160">
    <p class='ocr_par' dir='ltr' id='par_1_4' title="bbox 17 1057 640 1160">
     <span class='ocr_line' id='line_1_4' title="bbox 17 1057 640 1160; baseline -0.002 -22"><span class='ocrx_word' id='word_1_19' title='bbox 17 1057 18 1104; x_wconf 88' lang='lat'>³</span> <span class='ocrx_word' id='word_1_20' title='bbox 119 1073 179 1138; x_wconf 77' lang='lat'><strong>239</strong></span> <span class='ocrx_word' id='word_1_21' title='bbox 200 1072 303 1152; x_wconf 61' lang='grc' dir='ltr'><strong><em>αἰχμή</em></strong></span> <span class='ocrx_word' id='word_1_22' title='bbox 327 1069 484 1147; x_wconf 57' lang='lat' dir='ltr'><strong>rotome</strong></span> <span class='ocrx_word' id='word_1_23' title='bbox 506 1095 561 1160; x_wconf 79' lang='lat' dir='ltr'><strong>pg.</strong></span> <span class='ocrx_word' id='word_1_24' title='bbox 588 1075 640 1140; x_wconf 82' lang='lat'><strong>65.</strong></span> 
     </span>
    </p>
   </div>
   <div class='ocr_carea' id='block_1_5' title="bbox 160 1214 1344 1306">
    <p class='ocr_par' dir='ltr' id='par_1_5' title="bbox 160 1214 1344 1306">
     <span class='ocr_line' id='line_1_5' title="bbox 160 1214 1344 1306; baseline 0.001 -24"><span class='ocrx_word' id='word_1_25' title='bbox 160 1215 247 1284; x_wconf 88' lang='lat' dir='ltr'><strong>Pers.</strong></span> <span class='ocrx_word' id='word_1_26' title='bbox 271 1217 314 1283; x_wconf 81' lang='lat'><strong>29</strong></span> <span class='ocrx_word' id='word_1_27' title='bbox 339 1221 446 1296; x_wconf 76' lang='grc' dir='ltr'><em>ψυχῆς</em></span> <span class='ocrx_word' id='word_1_28' title='bbox 469 1216 629 1292; x_wconf 74' lang='grc' dir='ltr'><strong><em>εὐτλήμονι</em></strong></span> <span class='ocrx_word' id='word_1_29' title='bbox 653 1214 732 1298; x_wconf 78' lang='grc' dir='ltr'><strong><em>δόξή.</em></strong></span> <span class='ocrx_word' id='word_1_30' title='bbox 758 1218 944 1306; x_wconf 71' lang='lat' dir='ltr'><strong>Epitheton</strong></span> <span class='ocrx_word' id='word_1_31' title='bbox 968 1215 1232 1304; x_wconf 53' lang='lat' dir='ltr'><strong>sortipovfflor-</strong></span> <span class='ocrx_word' id='word_1_32' title='bbox 1339 1247 1344 1258; x_wconf 91' lang='lat'>·</span> 
     </span>
    </p>
   </div>
   <div class='ocr_carea' id='block_1_6' title="bbox 17 1357 1242 3155">
    <p class='ocr_par' dir='ltr' id='par_1_6' title="bbox 120 1357 1236 2157">
     <span class='ocr_line' id='line_1_6' title="bbox 120 1357 1230 1448; baseline 0 -24"><span class='ocrx_word' id='word_1_33' title='bbox 120 1361 189 1424; x_wconf 87' lang='lat' dir='ltr'><strong>tis&#39;&#39;</strong></span> <span class='ocrx_word' id='word_1_34' title='bbox 228 1359 364 1448; x_wconf 84' lang='lat' dir='ltr'>proprie</span> <span class='ocrx_word' id='word_1_35' title='bbox 405 1361 449 1428; x_wconf 84' lang='lat' dir='ltr'><strong>od</strong></span> <span class='ocrx_word' id='word_1_36' title='bbox 491 1361 659 1426; x_wconf 86' lang='lat' dir='ltr'><strong>hominem</strong></span> <span class='ocrx_word' id='word_1_37' title='bbox 700 1361 875 1448; x_wconf 74' lang='lat' dir='ltr'><strong>pertinens</strong></span> <span class='ocrx_word' id='word_1_38' title='bbox 912 1361 1125 1428; x_wconf 85' lang='lat' dir='ltr'><strong>substantivo</strong></span> <span class='ocrx_word' id='word_1_39' title='bbox 1160 1357 1230 1441; x_wconf 65' lang='grc' dir='ltr'><strong>δόξῃ</strong></span> 
     </span>
     <span class='ocr_line' id='line_1_7' title="bbox 122 1501 1235 1590; baseline 0.003 -24"><span class='ocrx_word' id='word_1_40' title='bbox 122 1501 269 1584; x_wconf 82' lang='lat' dir='ltr'><strong>additur,</strong></span> <span class='ocrx_word' id='word_1_41' title='bbox 304 1501 392 1590; x_wconf 89' lang='lat' dir='ltr'><strong>quod</strong></span> <span class='ocrx_word' id='word_1_42' title='bbox 425 1501 482 1568; x_wconf 88' lang='lat' dir='ltr'><strong>hie</strong></span> <span class='ocrx_word' id='word_1_43' title='bbox 511 1525 577 1568; x_wconf 88' lang='lat' dir='ltr'><strong>non</strong></span> <span class='ocrx_word' id='word_1_44' title='bbox 611 1555 625 1586; x_wconf 81' lang='lat'>„</span> <span class='ocrx_word' id='word_1_45' title='bbox 637 1502 766 1588; x_wconf 85' lang='lat' dir='ltr'><strong>glorie,</strong></span> <span class='ocrx_word' id='word_1_46' title='bbox 800 1503 1007 1570; x_wconf 80' lang='lat' dir='ltr'><strong>existimatio</strong></span> <span class='ocrx_word' id='word_1_47' title='bbox 1018 1504 1036 1533; x_wconf 90' lang='lat'>”</span> <span class='ocrx_word' id='word_1_48' title='bbox 1062 1503 1235 1588; x_wconf 83' lang='lat' dir='ltr'><strong>signifieat</strong></span> 
     </span>
     <span class='ocr_line' id='line_1_8' title="bbox 123 1643 1235 1733; baseline 0.002 -24"><span class='ocrx_word' id='word_1_49' title='bbox 123 1643 175 1726; x_wconf 84' lang='lat' dir='ltr'>(of.</span> <span class='ocrx_word' id='word_1_50' title='bbox 209 1644 425 1728; x_wconf 88' lang='lat' dir='ltr'><strong>Dettweiler‚</strong></span> <span class='ocrx_word' id='word_1_51' title='bbox 461 1645 519 1732; x_wconf 91' lang='lat' dir='ltr'><strong>qui</strong></span> <span class='ocrx_word' id='word_1_52' title='bbox 552 1669 606 1733; x_wconf 84' lang='lat' dir='ltr'><strong>pg.</strong></span> <span class='ocrx_word' id='word_1_53' title='bbox 647 1646 688 1710; x_wconf 87' lang='grc'><strong>17</strong></span> <span class='ocrx_word' id='word_1_54' title='bbox 722 1646 812 1712; x_wconf 83' lang='lat' dir='ltr'><strong>male</strong></span> <span class='ocrx_word' id='word_1_55' title='bbox 843 1646 951 1714; x_wconf 90' lang='lat' dir='ltr'><strong>vertit</strong></span> <span class='ocrx_word' id='word_1_56' title='bbox 986 1646 1116 1726; x_wconf 85' lang='lat' dir='ltr'><strong>„Ruhm</strong></span> <span class='ocrx_word' id='word_1_57' title='bbox 1141 1646 1235 1712; x_wconf 90' lang='lat' dir='ltr'><strong>einer</strong></span> 
     </span>
     <span class='ocr_line' id='line_1_9' title="bbox 122 1786 1234 1876; baseline 0.004 -26"><span class='ocrx_word' id='word_1_58' title='bbox 122 1787 266 1873; x_wconf 86' lang='lat' dir='ltr'><strong>mutigen</strong></span> <span class='ocrx_word' id='word_1_59' title='bbox 301 1786 440 1872; x_wconf 82' lang='lat' dir='ltr'><strong>Seele’&#39;)</strong></span> <span class='ocrx_word' id='word_1_60' title='bbox 474 1787 533 1853; x_wconf 89' lang='lat' dir='ltr'><strong>sed</strong></span> <span class='ocrx_word' id='word_1_61' title='bbox 565 1787 700 1874; x_wconf 86' lang='lat' dir='ltr'><strong>„opinio</strong></span> <span class='ocrx_word' id='word_1_62' title='bbox 723 1809 824 1874; x_wconf 82' lang='lat' dir='ltr'><strong>quem</strong></span> <span class='ocrx_word' id='word_1_63' title='bbox 848 1789 889 1855; x_wconf 88' lang='lat' dir='ltr'><strong>de</strong></span> <span class='ocrx_word' id='word_1_64' title='bbox 914 1811 949 1854; x_wconf 91' lang='lat' dir='ltr'><strong>se</strong></span> <span class='ocrx_word' id='word_1_65' title='bbox 973 1787 1077 1854; x_wconf 86' lang='lat' dir='ltr'><strong>hebet</strong></span> <span class='ocrx_word' id='word_1_66' title='bbox 1101 1788 1234 1876; x_wconf 81' lang='lat' dir='ltr'><strong>aliquis</strong></span> 
     </span>
     <span class='ocr_line' id='line_1_10' title="bbox 123 1927 1236 2013; baseline 0.004 -22"><span class='ocrx_word' id='word_1_67' title='bbox 123 1927 177 1993; x_wconf 77' lang='lat' dir='ltr'><strong>sd</strong></span> <span class='ocrx_word' id='word_1_68' title='bbox 196 1929 292 1995; x_wconf 89' lang='lat' dir='ltr'><strong>huius</strong></span> <span class='ocrx_word' id='word_1_69' title='bbox 319 1929 527 1996; x_wconf 78' lang='lat' dir='ltr'><strong>substantivi</strong></span> <span class='ocrx_word' id='word_1_70' title='bbox 550 1951 685 1994; x_wconf 87' lang='lat' dir='ltr'><strong>sensum</strong></span> <span class='ocrx_word' id='word_1_71' title='bbox 705 1929 745 1994; x_wconf 84' lang='lat' dir='ltr'><strong>of.</strong></span> <span class='ocrx_word' id='word_1_72' title='bbox 767 1930 940 1997; x_wconf 89' lang='lat' dir='ltr'><strong>Demosth.</strong></span> <span class='ocrx_word' id='word_1_73' title='bbox 963 1931 1004 1997; x_wconf 88' lang='grc'><strong>19</strong></span> <span class='ocrx_word' id='word_1_74' title='bbox 1018 1956 1025 1996; x_wconf 91' lang='lat'>:</span> <span class='ocrx_word' id='word_1_75' title='bbox 1039 1931 1091 2013; x_wconf 78' lang='lat'><strong>29,</strong></span> <span class='ocrx_word' id='word_1_76' title='bbox 1112 1929 1236 1997; x_wconf 86' lang='lat' dir='ltr'><strong>Aesoh.</strong></span> 
     </span>
     <span class='ocr_line' id='line_1_11' title="bbox 124 2069 917 2157; baseline 0.005 -23"><span class='ocrx_word' id='word_1_77' title='bbox 124 2069 164 2137; x_wconf 88' lang='lat' dir='ltr'><strong>de</strong></span> <span class='ocrx_word' id='word_1_78' title='bbox 183 2071 269 2140; x_wconf 78' lang='lat' dir='ltr'><strong>falsa</strong></span> <span class='ocrx_word' id='word_1_79' title='bbox 295 2071 468 2157; x_wconf 77' lang='lat' dir='ltr'>legatione</span> <span class='ocrx_word' id='word_1_80' title='bbox 492 2073 552 2154; x_wconf 83' lang='lat'><strong>73,</strong></span> <span class='ocrx_word' id='word_1_81' title='bbox 580 2071 684 2136; x_wconf 84' lang='lat' dir='ltr'>Thuo.</span> <span class='ocrx_word' id='word_1_82' title='bbox 711 2074 730 2136; x_wconf 87' lang='lat'>7</span> <span class='ocrx_word' id='word_1_83' title='bbox 755 2097 762 2137; x_wconf 91' lang='lat'>:</span> <span class='ocrx_word' id='word_1_84' title='bbox 787 2073 830 2138; x_wconf 88' lang='grc'><strong>66</strong></span> <span class='ocrx_word' id='word_1_85' title='bbox 855 2099 862 2138; x_wconf 94' lang='lat'>:</span> <span class='ocrx_word' id='word_1_86' title='bbox 888 2074 917 2138; x_wconf 90' lang='lat'><strong>3.</strong></span> 
     </span>
    </p>

    <p class='ocr_par' dir='ltr' id='par_1_7' title="bbox 17 2189 1238 2444">
     <span class='ocr_line' id='line_1_12' title="bbox 17 2189 1238 2303; baseline 0.003 -24"><span class='ocrx_word' id='word_1_87' title='bbox 17 2189 18 2204; x_wconf 27' lang='lat' dir='ltr'><strong>i</strong></span> <span class='ocrx_word' id='word_1_88' title='bbox 166 2213 277 2301; x_wconf 88' lang='lat' dir='ltr'><strong>Suppl.</strong></span> <span class='ocrx_word' id='word_1_89' title='bbox 303 2214 368 2279; x_wconf 86' lang='grc'><strong>363</strong></span> <span class='ocrx_word' id='word_1_90' title='bbox 391 2211 521 2293; x_wconf 74' lang='grc' dir='ltr'><strong>ἱεροδόκα</strong></span> <span class='ocrx_word' id='word_1_91' title='bbox 543 2211 621 2277; x_wconf 67' lang='grc' dir='ltr'><strong>θεῶν</strong></span> <span class='ocrx_word' id='word_1_92' title='bbox 644 2215 784 2291; x_wconf 80' lang='grc' dir='ltr'><strong><em>λήματα.</em></strong></span> <span class='ocrx_word' id='word_1_93' title='bbox 817 2216 898 2303; x_wconf 81' lang='lat' dir='ltr'><strong>Ipsa</strong></span> <span class='ocrx_word' id='word_1_94' title='bbox 920 2215 1078 2284; x_wconf 84' lang='lat' dir='ltr'><strong>voluntas</strong></span> <span class='ocrx_word' id='word_1_95' title='bbox 1102 2217 1238 2283; x_wconf 87' lang='lat' dir='ltr'><strong>deorum</strong></span> 
     </span>
     <span class='ocr_line' id='line_1_13' title="bbox 126 2356 687 2444; baseline 0 -23"><span class='ocrx_word' id='word_1_96' title='bbox 126 2377 216 2422; x_wconf 85' lang='lat' dir='ltr'><strong>ssors</strong></span> <span class='ocrx_word' id='word_1_97' title='bbox 238 2356 354 2423; x_wconf 81' lang='lat' dir='ltr'><strong>oblate</strong></span> <span class='ocrx_word' id='word_1_98' title='bbox 378 2357 529 2444; x_wconf 85' lang='lat' dir='ltr'><strong>aooipere</strong></span> <span class='ocrx_word' id='word_1_99' title='bbox 553 2356 687 2422; x_wconf 90' lang='lat' dir='ltr'><strong>dieitur.</strong></span> 
     </span>
    </p>

    <p class='ocr_par' dir='ltr' id='par_1_8' title="bbox 128 2495 1240 2740">
     <span class='ocr_line' id='line_1_14' title="bbox 168 2495 1240 2586; baseline -0.002 -22"><span class='ocrx_word' id='word_1_100' title='bbox 168 2495 309 2586; x_wconf 85' lang='lat' dir='ltr'><strong>Choeph.</strong></span> <span class='ocrx_word' id='word_1_101' title='bbox 345 2500 409 2564; x_wconf 88' lang='grc'><strong>606</strong></span> <span class='ocrx_word' id='word_1_102' title='bbox 454 2499 467 2562; x_wconf 85' lang='lat' dir='ltr'><strong>o‘</strong></span> <span class='ocrx_word' id='word_1_103' title='bbox 504 2498 703 2575; x_wconf 76' lang='grc' dir='ltr'><strong><em>ταιδολυμας</em></strong></span> <span class='ocrx_word' id='word_1_104' title='bbox 749 2499 883 2570; x_wconf 72' lang='grc' dir='ltr'><strong><em>Θεστιὰς</em></strong></span> <span class='ocrx_word' id='word_1_105' title='bbox 920 2500 1040 2575; x_wconf 82' lang='grc' dir='ltr'><strong><em>μήσατο</em></strong></span> <span class='ocrx_word' id='word_1_106' title='bbox 1076 2499 1240 2579; x_wconf 77' lang='grc' dir='ltr'><strong><em>πυρδαῆτιν</em></strong></span> 
     </span>
     <span class='ocr_line' id='line_1_15' title="bbox 128 2639 836 2740; baseline 0.007 -39"><span class='ocrx_word' id='word_1_107' title='bbox 128 2639 252 2718; x_wconf 76' lang='grc' dir='ltr'><strong>πρόνοιαν</strong></span> <span class='ocrx_word' id='word_1_108' title='bbox 280 2640 482 2722; x_wconf 83' lang='lat' dir='ltr'><strong>„eonsilium</strong></span> <span class='ocrx_word' id='word_1_109' title='bbox 504 2642 578 2727; x_wconf 87' lang='lat' dir='ltr'><strong>igni</strong></span> <span class='ocrx_word' id='word_1_110' title='bbox 601 2643 836 2740; x_wconf 43' lang='lat' dir='ltr'><strong>consumensf¹</strong></span> 
     </span>
    </p>

    <p class='ocr_par' dir='ltr' id='par_1_9' title="bbox 127 2781 1242 3155">
     <span class='ocr_line' id='line_1_16' title="bbox 167 2781 1241 2870; baseline -0.001 -23"><span class='ocrx_word' id='word_1_111' title='bbox 167 2781 267 2870; x_wconf 82' lang='lat' dir='ltr'><strong>Apud</strong></span> <span class='ocrx_word' id='word_1_112' title='bbox 302 2783 560 2870; x_wconf 85' lang='lat' dir='ltr'><strong>Euripidem</strong></span> <span class='ocrx_word' id='word_1_113' title='bbox 596 2783 702 2848; x_wconf 91' lang='lat' dir='ltr'><strong>solum</strong></span> <span class='ocrx_word' id='word_1_114' title='bbox 732 2783 866 2850; x_wconf 90' lang='lat' dir='ltr'><strong>inveni:</strong></span> <span class='ocrx_word' id='word_1_115' title='bbox 898 2781 1241 2860; x_wconf 69' lang='grc' dir='ltr'><strong>Ρὴοθη.130ομοαό-</strong></span> 
     </span>
     <span class='ocr_line' id='line_1_17' title="bbox 127 2882 1242 3012; baseline 0.004 -26"><span class='ocrx_word' id='word_1_116' title='bbox 127 2946 226 3003; x_wconf 83' lang='grc' dir='ltr'><strong><em>μαχον</em></strong></span> <span class='ocrx_word' id='word_1_117' title='bbox 260 2922 312 2988; x_wconf 74' lang='grc' dir='ltr'><strong>ἐπὶ</strong></span> <span class='ocrx_word' id='word_1_118' title='bbox 346 2882 430 3004; x_wconf 67' lang='lat' dir='ltr'><strong>opsv’</strong></span> <span class='ocrx_word' id='word_1_119' title='bbox 464 2923 607 2999; x_wconf 67' lang='grc' dir='ltr'><strong>ήλθέτήν.</strong></span> <span class='ocrx_word' id='word_1_120' title='bbox 642 2925 693 2993; x_wconf 90' lang='lat' dir='ltr'><strong>De</strong></span> <span class='ocrx_word' id='word_1_121' title='bbox 729 2925 880 3012; x_wconf 89' lang='lat' dir='ltr'><strong>epitheto</strong></span> <span class='ocrx_word' id='word_1_122' title='bbox 915 2925 1093 3006; x_wconf 79' lang='grc' dir='ltr'><strong><em>μααόμαχος</em></strong></span> <span class='ocrx_word' id='word_1_123' title='bbox 1129 2926 1178 2992; x_wconf 84' lang='lat' dir='ltr'><strong>ef.&#39;</strong></span> <span class='ocrx_word' id='word_1_124' title='bbox 1198 2925 1242 2991; x_wconf 85' lang='lat' dir='ltr'><strong>ad</strong></span> 
     </span>
     <span class='ocr_line' id='line_1_18' title="bbox 128 3065 505 3155; baseline 0.013 -26"><span class='ocrx_word' id='word_1_125' title='bbox 128 3065 257 3134; x_wconf 84' lang='lat' dir='ltr'><strong>Heraol.</strong></span> <span class='ocrx_word' id='word_1_126' title='bbox 282 3067 348 3133; x_wconf 79' lang='lat'><strong>819</strong></span> <span class='ocrx_word' id='word_1_127' title='bbox 374 3090 429 3155; x_wconf 87' lang='lat' dir='ltr'><strong>pg.</strong></span> <span class='ocrx_word' id='word_1_128' title='bbox 454 3069 505 3134; x_wconf 83' lang='lat'><strong>65.</strong></span> 
     </span>
    </p>
   </div>
   <div class='ocr_carea' id='block_1_7' title="bbox 179 3351 1244 3420">
    <p class='ocr_par' dir='ltr' id='par_1_10' title="bbox 179 3351 1244 3420">
     <span class='ocr_line' id='line_1_19' title="bbox 179 3351 1244 3420; baseline 0.001 -4"><span class='ocrx_word' id='word_1_129' title='bbox 179 3353 206 3418; x_wconf 79' lang='lat' dir='ltr'><strong>k.</strong></span> <span class='ocrx_word' id='word_1_130' title='bbox 273 3351 501 3418; x_wconf 81' lang='lat' dir='ltr'><strong>Traiectio</strong></span> <span class='ocrx_word' id='word_1_131' title='bbox 556 3354 607 3418; x_wconf 86' lang='lat' dir='ltr'><strong>ab</strong></span> <span class='ocrx_word' id='word_1_132' title='bbox 653 3351 900 3420; x_wconf 90' lang='lat' dir='ltr'><strong>hominibus</strong></span> <span class='ocrx_word' id='word_1_133' title='bbox 947 3354 997 3419; x_wconf 89' lang='lat' dir='ltr'><strong>ad</strong></span> <span class='ocrx_word' id='word_1_134' title='bbox 1043 3352 1244 3420; x_wconf 79' lang='lat' dir='ltr'><strong>effeetus</strong></span> 
     </span>
    </p>
   </div>
   <div class='ocr_carea' id='block_1_8' title="bbox 129 3493 828 3581">
    <p class='ocr_par' dir='ltr' id='par_1_11' title="bbox 129 3493 828 3581">
     <span class='ocr_line' id='line_1_20' title="bbox 129 3493 828 3581; baseline 0.006 -23"><span class='ocrx_word' id='word_1_135' title='bbox 129 3493 261 3560; x_wconf 86' lang='lat' dir='ltr'><strong>animi</strong></span> <span class='ocrx_word' id='word_1_136' title='bbox 295 3493 454 3581; x_wconf 90' lang='lat' dir='ltr'><strong>quibus</strong></span> <span class='ocrx_word' id='word_1_137' title='bbox 489 3498 828 3562; x_wconf 77' lang='lat' dir='ltr'>commoventur.</span> 
     </span>
    </p>
   </div>
   <div class='ocr_carea' id='block_1_9' title="bbox 132 3777 1247 4151">
    <p class='ocr_par' dir='ltr' id='par_1_12' title="bbox 132 3777 1247 4151">
     <span class='ocr_line' id='line_1_21' title="bbox 173 3777 1246 3868; baseline 0.001 -24"><span class='ocrx_word' id='word_1_138' title='bbox 173 3777 245 3860; x_wconf 82' lang='lat' dir='ltr'><strong>Quo</strong></span> <span class='ocrx_word' id='word_1_139' title='bbox 269 3779 432 3846; x_wconf 83' lang='lat' dir='ltr'><strong>eudsoiae</strong></span> <span class='ocrx_word' id='word_1_140' title='bbox 454 3779 651 3865; x_wconf 86' lang='lat' dir='ltr'>Aeschylus</span> <span class='ocrx_word' id='word_1_141' title='bbox 675 3786 710 3845; x_wconf 94' lang='lat' dir='ltr'><strong>et</strong></span> <span class='ocrx_word' id='word_1_142' title='bbox 734 3780 916 3867; x_wconf 84' lang='lat' dir='ltr'><strong>Euripides</strong></span> <span class='ocrx_word' id='word_1_143' title='bbox 935 3781 972 3846; x_wconf 92' lang='lat' dir='ltr'><strong>in</strong></span> <span class='ocrx_word' id='word_1_144' title='bbox 991 3781 1152 3868; x_wconf 71' lang='lat' dir='ltr'><strong>epithetis</strong></span> <span class='ocrx_word' id='word_1_145' title='bbox 1172 3803 1246 3846; x_wconf 90' lang='lat' dir='ltr'><strong>oum</strong></span> 
     </span>
     <span class='ocr_line' id='line_1_22' title="bbox 132 3920 1247 4011; baseline 0.003 -26"><span class='ocrx_word' id='word_1_146' title='bbox 132 3920 353 3988; x_wconf 79' lang='lat' dir='ltr'><strong>substantivis</strong></span> <span class='ocrx_word' id='word_1_147' title='bbox 365 3921 606 4008; x_wconf 79' lang='lat' dir='ltr'><strong>coniungendis</strong></span> <span class='ocrx_word' id='word_1_148' title='bbox 626 3923 860 4008; x_wconf 79' lang='lat' dir='ltr'><strong>processerint,</strong></span> <span class='ocrx_word' id='word_1_149' title='bbox 877 3924 1000 4010; x_wconf 87' lang='lat' dir='ltr'><strong>optime</strong></span> <span class='ocrx_word' id='word_1_150' title='bbox 1014 3923 1124 3989; x_wconf 87' lang='lat' dir='ltr'><strong>videri</strong></span> <span class='ocrx_word' id='word_1_151' title='bbox 1135 3927 1247 4011; x_wconf 88' lang='lat' dir='ltr'><strong>potest</strong></span> 
     </span>
     <span class='ocr_line' id='line_1_23' title="bbox 133 4063 1246 4151; baseline 0.004 -26"><span class='ocrx_word' id='word_1_152' title='bbox 133 4082 172 4126; x_wconf 85' lang='lat' dir='ltr'><strong>ex</strong></span> <span class='ocrx_word' id='word_1_153' title='bbox 193 4063 371 4151; x_wconf 83' lang='lat' dir='ltr'><strong>exemplis,</strong></span> <span class='ocrx_word' id='word_1_154' title='bbox 396 4086 481 4151; x_wconf 83' lang='lat' dir='ltr'><strong>quoe</strong></span> <span class='ocrx_word' id='word_1_155' title='bbox 504 4086 593 4130; x_wconf 90' lang='lat' dir='ltr'><strong>nune</strong></span> <span class='ocrx_word' id='word_1_156' title='bbox 614 4063 811 4150; x_wconf 86' lang='lat' dir='ltr'><strong>prolaturus</strong></span> <span class='ocrx_word' id='word_1_157' title='bbox 835 4089 917 4131; x_wconf 90' lang='lat' dir='ltr'><strong>sum.</strong></span> <span class='ocrx_word' id='word_1_158' title='bbox 942 4065 1103 4132; x_wconf 90' lang='lat' dir='ltr'><strong>Notiones</strong></span> <span class='ocrx_word' id='word_1_159' title='bbox 1123 4069 1246 4147; x_wconf 85' lang='lat' dir='ltr'><strong>eutem,</strong></span> 
     </span>
    </p>
   </div>
   <div class='ocr_carea' id='block_1_10' title="bbox 133 4203 1248 4293">
    <p class='ocr_par' dir='ltr' id='par_1_13' title="bbox 133 4203 1248 4293">
     <span class='ocr_line' id='line_1_24' title="bbox 133 4203 1248 4293; baseline 0 -23"><span class='ocrx_word' id='word_1_160' title='bbox 133 4203 250 4290; x_wconf 89' lang='lat' dir='ltr'><strong>quibus</strong></span> <span class='ocrx_word' id='word_1_161' title='bbox 285 4206 428 4272; x_wconf 86' lang='lat' dir='ltr'><strong>effeetus</strong></span> <span class='ocrx_word' id='word_1_162' title='bbox 464 4204 568 4272; x_wconf 84' lang='lat' dir='ltr'><strong>enimi</strong></span> <span class='ocrx_word' id='word_1_163' title='bbox 599 4203 815 4290; x_wconf 84' lang='lat' dir='ltr'><strong>exprimitur,</strong></span> <span class='ocrx_word' id='word_1_164' title='bbox 839 4228 900 4292; x_wconf 89' lang='lat' dir='ltr'><strong>per</strong></span> <span class='ocrx_word' id='word_1_165' title='bbox 923 4205 1248 4293; x_wconf 84' lang='lat' dir='ltr'><strong>personifiostionem</strong></span> 
     </span>
    </p>
   </div>
   <div class='ocr_carea' id='block_1_11' title="bbox 19 4345 1249 4438">
    <p class='ocr_par' dir='ltr' id='par_1_14' title="bbox 19 4345 1249 4438">
     <span class='ocr_line' id='line_1_25' title="bbox 19 4345 1249 4438; baseline 0.001 -26"><span class='ocrx_word' id='word_1_166' title='bbox 19 4387 20 4390; x_wconf 60' lang='lat'><em>=</em></span> <span class='ocrx_word' id='word_1_167' title='bbox 134 4369 189 4434; x_wconf 88' lang='lat' dir='ltr'><strong>pro</strong></span> <span class='ocrx_word' id='word_1_168' title='bbox 218 4348 302 4438; x_wconf 88' lang='lat' dir='ltr'><strong>ipsis</strong></span> <span class='ocrx_word' id='word_1_169' title='bbox 333 4349 540 4431; x_wconf 71' lang='lat' dir='ltr'><strong>hominibu5‚</strong></span> <span class='ocrx_word' id='word_1_170' title='bbox 572 4370 654 4437; x_wconf 89' lang='lat' dir='ltr'><strong>quos</strong></span> <span class='ocrx_word' id='word_1_171' title='bbox 682 4353 906 4427; x_wconf 83' lang='lat' dir='ltr'><strong>commovent,</strong></span> <span class='ocrx_word' id='word_1_172' title='bbox 929 4351 1110 4435; x_wconf 87' lang='lat' dir='ltr'><strong>ponuntur.</strong></span> <span class='ocrx_word' id='word_1_173' title='bbox 1135 4345 1249 4430; x_wconf 80' lang='lat' dir='ltr'><strong>Quare</strong></span> 
     </span>
    </p>
   </div>
   <div class='ocr_carea' id='block_1_12' title="bbox 0 0 1678 5342">
    <p class='ocr_par' dir='ltr' id='par_1_15' title="bbox 0 0 1678 5342">
     <span class='ocr_line' id='line_1_26' title="bbox 0 0 1678 5342; baseline 0 0"><span class='ocrx_word' id='word_1_174' title='bbox 0 0 1678 5342; x_wconf 95' lang='lat' dir='ltr'><strong> </strong></span> 
     </span>
    </p>
   </div>
  </div>
 </body>
</html>
