3296 5342
925 607 968 672 52

378 798 500 866 Medea
540 800 645 866 1287:
687 797 768 880 φόνῳ
810 798 916 863 τέκνων
950 798 1098 875 δυσσεβεῖ
1132 799 1172 865 cf.
1210 821 1259 871 vs.
1295 799 1382 865 1383
1415 797 1498 862 τοῦδε

380 940 548 1018 δυσσεβοῦς
571 939 672 1022 φόνου.

424 1083 491 1150 Sed
525 1085 630 1152 etiam
663 1085 755 1153 notio
793 1085 967 1173 „pugnae”
998 1085 1103 1152 habet
1133 1083 1307 1171 epitheton
1330 1083 1418 1166 eius,
1440 1082 1495 1170 qui

377 1231 510 1314 pugnat
533 1227 586 1295 his
610 1227 709 1294 locis:

425 1368 570 1457 Choeph.
595 1371 660 1436 729
684 1368 805 1434 Χθόνιον
836 1369 863 1434 δ’
890 1370 1002 1450 Ἑρμῆν
1028 1369 1120 1432 τοῖσδ’
1150 1368 1314 1449 ἐφοδεῦσαι
1337 1366 1498 1448 {recinat-

378 1532 470 1574 τοισιν
493 1512 615 1588 οὲγῶσοο.
643 1467 786 1595 „Gladio
809 1513 967 1579 laedens''
989 1513 1127 1578 Orestes
1146 1512 1219 1599 ipse
1240 1515 1302 1578 est.
1323 1511 1399 1578 Non
1415 1512 1494 1576 bene

378 1652 476 1739 Frey
509 1654 532 1718 l.
568 1676 595 1720 c.
637 1676 692 1742 pg.
729 1655 773 1720 54
808 1655 871 1720 hoc
905 1654 1042 1741 passiva
1078 1653 1324 1739 significatione
1359 1652 1495 1740 accipit,

383 1846 397 1878 „
409 1794 524 1881 gladio
563 1795 694 1878 laesus,
737 1796 978 1879 interfectus’'‚
1020 1800 1143 1884 putans
1186 1818 1335 1883 pugnam
1379 1795 1492 1860 habere
1629 1833 1630 1854 ο

380 1937 556 2026 epitheton
596 1939 684 2022 eius,
727 1938 786 2026 qui
821 1939 930 2022 cadit,
969 1938 1191 2021 interficitur,
1226 1942 1267 2004 ut
1301 1935 1497 2017 ξοφοδήλητος

380 2077 514 2151 θάνατος
537 2078 659 2164 Agam.
685 2080 788 2163 1528,
814 2079 941 2169 dequo
965 2079 1044 2147 vide
1067 2103 1122 2166 pg.
1151 2080 1203 2145 58.
1237 2079 1327 2144 Nam
1350 2079 1408 2144 illo
1429 2078 1497 2143 loco

381 2222 498 2308 agitur
521 2222 562 2288 de
588 2222 843 2308 Clytaemestra
867 2222 1011 2287 nondum
1036 2220 1151 2306 gladio
1173 2221 1365 2286 interfecta.

425 2361 570 2450 Choeph.
607 2364 674 2429 584
706 2360 892 2443 ξιφηφόρους
924 2363 1044 2439 dynvas
1075 2360 1234 2443 ὅρθοὸσοοτί
1255 2385 1317 2439 μοι.

424 2501 593 2583 ξιφηφόρος
617 2504 705 2569 enim
728 2504 866 2570 Orestes
897 2506 960 2569 est.
991 2504 1119 2570 Eadem
1149 2505 1274 2571 locutio
1305 2505 1397 2571 redit
1419 2505 1497 2570 Eur.
1629 2527 1630 2580 3

381 2647 481 2712 Herc.
505 2645 544 2712 F.
570 2647 644 2711 812.
715 2654 719 2661 “

425 2789 517 2854 Pers.
554 2789 619 2854 950
652 2785 751 2850 Ἰοὶοοο
785 2785 979 2867 οοούφοορκσος
1013 2788 1126 2871 ’'Apnr,
1163 2789 1198 2854 in
1232 2789 1352 2877 quibus
1388 2787 1497 2857 verbis

381 2931 479 3012 ’Ἄρος
505 2931 658 3016 „pugna”
683 2930 863 3015 significat.

426 3073 566 3138 Eumen.
578 3073 644 3137 472
668 3071 733 3135 οὐδὲ
755 3071 815 3148 μὴν
838 3069 904 3148 ἐμοὶ
927 3071 1114 3158 (Minervae
1136 3073 1276 3156 scilieet)
1297 3071 1393 3151 θέμις
1413 3072 1501 3151 φόνου
1629 3093 1630 3096 ’

382 3215 503 3294 δοοοορεῑο
525 3211 715 3288 &Zoparistos
738 3212 835 3285 δίκοος.

426 3355 594 3432 thociaco
622 3357 759 3439 „acerbe
783 3355 989 3422 irascentes”
1015 3355 1041 3418 οἱ
1064 3355 1233 3434 §rectaene
1257 3358 1325 3445 ipsi
1344 3362 1433 3441 sunt,
1458 3357 1498 3425 cf.

381 3497 561 3567 Wecklein
594 3497 638 3564 ad
670 3497 796 3563 locum:
847 3497 965 3580 „einen
998 3498 1231 3582 Rechtstreit‚
1269 3500 1307 3565 in
1341 3501 1502 3568 welchem

383 3641 453 3708 sich
488 3640 542 3706 die
584 3639 720 3726 Gegoer
768 3640 832 3707 mit
882 3640 1094 3728 grimmigem
1138 3643 1248 3709 Hasse
1295 3645 1502 3730 gegem'iber·

383 3782 533 3850 stehen.”
560 3821 603 3829 —

428 4068 669 4156 Euripides
703 4067 810 4133 multo
846 4067 955 4134 minus
978 4068 1136 4156 frequens
1161 4070 1270 4136 estin
1293 4070 1358 4137 hac
1381 4071 1502 4138 traiec-

382 4213 475 4281 tione
498 4210 658 4300 epitheti,
684 4232 785 4299 quam
807 4207 1013 4296 Aeschylus.
1037 4210 1204 4299 Pleraque
1225 4212 1395 4299 exempla,
1416 4234 1499 4300 quae

381 4355 527 4442 legimus
557 4353 648 4441 apud
682 4375 757 4419 eum
793 4351 865 4418 eius
898 4357 1044 4419 naturae
1080 4357 1175 4436 sunt,
1206 4357 1246 4420 ut
1276 4354 1368 4421 notio
1395 4377 1503 4442 „pug-
