3296 5342
924 583 967 648 68

381 797 503 862 agens,
550 799 726 862 exercens,
772 778 974 867 profitenS,'’
1020 777 1043 845 i.
1079 800 1106 844 e.
1149 800 1210 845 een
1244 777 1513 846 zilverroovend

378 918 479 987 leven
512 919 665 1003 leidend,
702 921 743 988 of.
777 925 930 988 nostrum
957 942 1046 1003 „een
1068 920 1201 986 zittend
1223 920 1338 1004 leven,
1365 942 1426 986 een
1452 919 1468 985 l
1499 920 1508 934 '

378 1059 515 1145 leven“‚
551 1068 587 1129 et
621 1063 711 1150 apud
743 1062 834 1131 Plat.
868 1063 904 1129 in
937 1063 1023 1151 Rep.
1058 1063 1117 1127 HI
1150 1086 1205 1150 pg.
1230 1063 1296 1129 407
1318 1063 1365 1129 B:
1390 1062 1511 1144 ἕδροοῖοι

380 1202 490 1285 οόρχοοό.

421 1347 544 1435 Agam.
581 1351 646 1416 245
681 1349 795 1432 τιιτρός
819 1348 912 1430 φίλον
936 1348 1141 1431 τριτόσπονδον
1165 1349 1266 1413 οοὶῶνοι.

421 1489 627 1571 τριτότιιονδος
661 1492 746 1580 „qui
777 1461 919 1559 tertium
951 1492 1149 1560 libationem
1179 1491 1292 1558 iaoit''
1321 1491 1507 1580 adipsum

377 1638 509 1720 patrem
544 1633 830 1720 Agamemnonem
863 1634 1077 1700 referendum
1112 1639 1181 1717 est,
1218 1633 1259 1699 of.
1294 1632 1397 1721 Frey.
1421 1632 1446 1698 l.
1473 1657 1503 1699 o.

377 1798 433 1862 pg.
462 1776 514 1842 51.

422 1917 543 2005 Agam.
568 1920 654 1986 1449
678 1918 869 1998 δεμνιοτήρης
893 1924 999 1999 μοῖροο,
1024 1920 1135 1986 active
1174 1942 1272 2004 „sors
1296 1918 1405 1986 cubile
1430 1943 1501 1986 ser-

378 2061 489 2127 vans'’
518 2060 546 2145 ¹)
572 2061 614 2127 of.
638 2063 756 2147 Agam.
780 2063 822 2128 53
846 2061 1020 2142 δεμνιοτήρη
1044 2061 1128 2126 τόνον
1150 2085 1205 2148 pg.
1229 2062 1283 2128 48.
1308 2101 1351 2109 -

422 2202 544 2288 Agam.
582 2203 668 2269 1427
703 2202 867 2285 περίφρονα
911 2203 1080 2292 (superba)
1124 2202 1281 2276 δ’ἔλοοκες,
1317 2200 1418 2286 όόττερ
1453 2198 1502 2269 οὖν

378 2344 538 2426 φονολιβεῖ
556 2343 643 2430 τόχρι
667 2346 743 2426 φρόρν
766 2345 974 2423 εὀιιροοοόνετοιι.

423 2487 524 2554 Chori
571 2487 702 2554 scilieet
746 2489 851 2553 verba
899 2487 942 2553 ad
992 2487 1286 2575 Clytaemestram.
1334 2487 1508 2568 φονολιβής

381 2653 558 2713 „eruorem
592 2630 749 2696 stillans’'
785 2629 837 2716 (ut
868 2631 956 2696 enim
980 2625 1062 2707 ιιῖμοι
1085 2654 1145 2718 pro
1169 2629 1260 2711 φόνος
1283 2632 1428 2708 dieitur,
1454 2633 1503 2699 sio

378 2772 482 2839 etiam
515 2770 603 2853 φόνος
637 2795 697 2858 pro
731 2766 843 2855 οιῖροοι),
883 2775 910 2849 ²)
955 2772 1058 2838 etiam
1092 2773 1222 2858 legitur
1256 2773 1395 2838 Eumen.
1423 2774 1500 2840 164.

377 2915 469 3003 Frey
492 2917 598 2981 verba
621 2913 784 2995 φονολιβεῖ
803 2911 890 2998 τόχρο
913 2915 965 2980 ita
989 2914 1129 3002 accipit,
1153 2919 1194 2980 ut
1218 2914 1391 3002 epitheton
1415 2915 1471 2980 ref
1492 2954 1501 2964 -

376 3061 434 3125 rat
467 3058 510 3123 ad
544 3056 848 3143 Agamemnonem,
881 3056 939 3144 qui
972 3057 1013 3122 ab
1036 3079 1140 3123 uxone
1162 3062 1319 3139 necatus,
1346 3079 1499 3122 eruorem

377 3200 500 3292 stillat.
523 3199 703 3267 Wecklein
726 3198 851 3267 vertit:
881 3198 969 3282 „wie
991 3198 1029 3286 ja
1054 3198 1179 3284 gewisz
1204 3199 1332 3285 infolge
1353 3200 1498 3265 desver·

377 3362 582 3431 gossenenen
616 3343 737 3407 Blutes
772 3341 851 3407 dein
886 3340 970 3407 Sinn
1007 3340 1072 3406 toll
1106 3341 1192 3407 ist”.
1228 3341 1391 3422 φονολιβεῖ
1410 3339 1503 3423 τόχρι,

376 3485 485 3571 igitur
519 3507 577 3571 pro
611 3483 645 3547 τό
680 3480 794 3558 λείβειν
828 3479 915 3562 φόνον
950 3482 1064 3548 eodem
1100 3483 1196 3548 modo
1230 3480 1416 3570 intelligit,
1455 3487 1496 3550 ut

377 3625 530 3706 διχόφρων
563 3624 680 3702 τότροος
715 3625 842 3690 dietum
878 3627 930 3690 est
963 3646 1023 3711 pro
1059 3621 1269 3705 διχοφροοόννρ.
1308 3625 1375 3691 Sed
1410 3622 1501 3706 φόνον

421 3925 448 3998 1)
479 3926 636 3984 Dettweiler
667 3928 761 3984 contra
790 3927 931 4000 epitheton
950 3927 1059 4001 passive
1080 3927 1290 4002 interpretatur:
1311 3945 1370 3986 sors
1388 3946 1495 3998 eorum,

377 4032 426 4108 qui
445 4032 475 4090 in
495 4032 579 4090 oubili
600 4035 753 4090 servantur.

421 4140 448 4214 ²)
480 4139 515 4197 of.
546 4139 620 4212 Sept.
649 4139 689 4197 44
719 4143 890 4207 θιγγάνοντες
915 4146 993 4210 χοροὶ
1019 4149 1135 4210 τοινρείον
1152 4149 1237 4209 φόνον.
1268 4142 1388 4216 Chooph.
1419 4142 1494 4201 1012

377 4253 453 4316 φόνον
479 4249 506 4300 δὲ
532 4250 601 4308 ιονιιός
626 4253 671 4300 τόν
696 4253 777 4316 χρόνῳ
805 4251 997 4314 ξυμβάλλεται.
1016 4248 1132 4308 Flumen.
1162 4249 1220 4308 184
1248 4251 1347 4314 ἰμοότιι
1371 4256 1500 4319 θρόμβους

377 4349 417 4409 οὓς
434 4350 593 4413 ἀφιόλιιντιις
609 4353 693 4413 φόνον.
