3296 5342
910 595 932 662 2

368 790 495 858 dantur
517 812 558 858 ac
578 793 822 877 permutentur.
845 789 903 858 Ita
924 813 990 857 non
1012 790 1151 858 videtur
1169 791 1403 878 corrigendum
1421 792 1481 860 hoc

368 933 544 1023 Euripidis
564 932 601 999 in
619 933 663 1000 Η.
678 933 717 999 F.
736 934 818 1000 398:
838 931 971 1014 χρυσέων
991 931 1131 998 πετάλων
1150 934 1212 998 ἀπὸ
1231 933 1399 1015 μηλοφόρον
1410 935 1482 1016 χερὶ

368 1077 480 1156 napta
502 1073 656 1156 ἅμέρξων,
675 1075 779 1164 quod,
802 1076 830 1142 si
849 1083 942 1143 recte
961 1076 1054 1164 loqui
1064 1076 1246 1162 voluisset,
1259 1077 1326 1144 dici
1338 1077 1483 1145 debebat

368 1218 495 1301 χρυσέων
508 1217 720 1283 recollectam
732 1216 909 1299 μηλοφόρων
920 1216 1131 1319 xxprro'vJ'Sic
1148 1215 1422 1288 Hermannus
1441 1221 1485 1307 ¹).

415 1362 483 1429 Sed
514 1386 579 1429 usu
611 1362 721 1438 venit,
758 1368 799 1429 ut
841 1362 877 1427 in
916 1362 1044 1430 talibus
1078 1361 1303 1429 locutionibus
1338 1363 1484 1430 alterum

371 1504 621 1573 substantivum
651 1504 759 1586 adsit,
793 1527 933 1593 quocum
963 1504 1137 1592 aptissime
1166 1504 1211 1571 ad
1234 1526 1368 1572 sensum
1390 1505 1487 1573 adec-

369 1647 479 1715 tivum
520 1646 607 1713 illud
646 1646 827 1732 iungatur,
863 1647 951 1736 quod
984 1650 1099 1714 tamen
1133 1647 1236 1714 alteri
1270 1647 1485 1715 substantivo

370 1811 538 1878 apponere
561 1788 683 1856 maluit
704 1793 814 1877 pocta.
839 1788 967 1871 Quodsi
989 1787 1178 1856 Hermanni
1201 1790 1373 1858 sententia
1395 1791 1488 1858 vale·

370 1936 440 2014 ret,
472 1953 534 1997 nec
563 1931 712 2018 profecto
741 1930 777 1996 id
807 1930 978 1998 accideret
1008 1937 1043 1998 et
1071 1931 1202 1998 omnino
1235 1932 1319 1998 talis
1348 1929 1491 2001 habitus.

370 2074 523 2162 poeticae
563 2074 725 2141 orationis
765 2074 855 2163 apud
894 2073 1041 2141 Graecos
1076 2076 1320 2165 exspectandus
1355 2076 1489 2160 iuerat,

370 2216 481 2306 qualis
518 2220 571 2283 est
604 2216 693 2304 apud
727 2215 844 2299 iudea,
879 2216 937 2305 qui
970 2216 1140 2284 radicibus
1175 2218 1275 2286 nudis
1310 2220 1491 2287 verborum

371 2359 496 2428 iunctis
538 2359 818 2427 constructionem
856 2358 1112 2444 grammaticam
1152 2359 1345 2445 legentibus
1387 2360 1493 2427 relin-

371 2511 480 2591 quunt
508 2502 720 2590 plerumque;
751 2500 845 2567 cuius
875 2500 1007 2567 dicendi
1030 2501 1165 2588 generis
1189 2502 1377 2589 exemplum
1399 2503 1492 2592 apud

371 2642 635 2732 Aristophanem
658 2648 772 2712 exstat
795 2643 886 2710 Eccl.
913 2644 998 2711 1169
1023 2668 1091 2733 sqq.
1116 2644 1238 2733 Itaque
1259 2645 1335 2728 alii,
1357 2651 1493 2713 veteres

372 2786 609 2873 grammaticos
621 2785 737 2869 secuti,
747 2785 935 2872 legitimam
947 2786 1114 2874 quandam
1125 2786 1290 2854 rationem
1300 2786 1409 2873 poetis
1417 2809 1490 2874 per·

372 2927 546 3010 miserunt,
560 2927 703 3015 epitheti
715 2948 815 3017 quam
825 2935 948 2994 vocant
959 2928 1202 3011 traiectionem‚
1216 2950 1302 3016 quae
1313 2933 1428 2996 tamen
1436 2950 1492 2995 ne·

372 3092 540 3159 quaquam
551 3091 662 3136 omnes
675 3090 771 3136 casus
784 3067 1018 3156 complectitur
1031 3069 1152 3156 etipsa
1164 3069 1387 3156 explicatione
1400 3072 1494 3157 eget.

418 3211 523 3279 Nobis
567 3215 680 3277 autem
720 3233 795 3276 cum
835 3209 1041 3297 propositum
1084 3209 1145 3291 sit,
1188 3232 1288 3299 quam
1325 3210 1507 3298 plurimas.

373 3352 495 3420 harum
528 3352 731 3420 locutionum
768 3354 920 3418 tractare
955 3355 990 3417 et
1025 3351 1156 3418 varium
1186 3374 1299 3433 usum,
1329 3355 1493 3440 quantum

375 3497 582 3584 potuerimus
617 3495 718 3562 certis
749 3494 872 3561 finibus
903 3492 1130 3580 distinguere,
1163 3495 1279 3580 aptum
1307 3493 1417 3562 visum
1440 3497 1498 3562 est

375 3638 483 3726 primo
510 3636 666 3703 adhibita
688 3659 756 3703 una
778 3635 958 3721 tragoedia
981 3635 1160 3702 materiam
1182 3634 1397 3701 tractandam
1418 3655 1496 3723 pro-x

376 3801 516 3868 ponere,
541 3778 688 3845 sednon
720 3782 901 3866 antequam
931 3802 1034 3844 unum
1065 3777 1381 3859 animadvertimus,
1405 3777 1494 3865 quod

376 3920 471 3987 nobis
503 3919 600 3986 dabit
628 3920 720 3987 locus
750 3920 859 3988 Arist.
892 3921 979 3986 Rau.
1012 3921 1099 3986 1138
1124 3942 1193 4008 sqq.
1217 3918 1318 3986 Facit
1341 3918 1497 3986 Comicus

423 4251 450 4323 1)
480 4249 549 4307 Mihi
579 4252 671 4308 tamm
701 4266 764 4308 cum
794 4249 972 4309 Wakefieldio
1002 4249 1191 4322 corrigendum
1221 4248 1497 4313 viduarumque*

379 4356 414 4416 cf.
436 4373 462 4415 v.
482 4355 646 4415 Herwcrdcn
666 4356 701 4414 ad
722 4356 816 4415 Ionem
836 4355 904 4415 422.
