3296 5342
681 636 722 701 59

143 829 263 896 utitur:
317 830 351 894 ἐκ
396 828 594 911 τροχηλάτων
637 829 765 910 δίφρων,
817 828 928 913 „rotis
967 828 1103 894 actus’'.
1161 826 1267 915 Apud

145 970 353 1058 Aeschylum
393 972 487 1040 Pera.
530 973 615 1039 1001
652 969 740 1052 ἀμφὶ
774 976 896 1044 σκηνιοῖς
929 966 1181 1050 τροχηλάτοισιν,
1225 968 1267 1034 de

143 1113 297 1180 tentoriis
324 1113 428 1197 „rotis
454 1113 526 1180 sive
551 1113 707 1179 curribus
731 1112 867 1179 veotis’'
891 1112 1019 1178 dietum
1043 1114 1111 1188 est,
1132 1111 1174 1177 fr.
1201 1112 1264 1177 171

143 1257 328 1336 τρυχήλοοτον
362 1264 494 1335 σχιστῆς
528 1253 675 1320 κελεύθου
709 1254 837 1338 τρίοδον,
874 1256 914 1321 de
945 1255 1049 1320 trivio
1084 1255 1267 1338 „curribus

144 1398 253 1464 trito'’.
278 1397 460 1465 Diversam
483 1422 619 1486 prorsus
642 1400 811 1464 notionem
833 1398 1024 1477 τροχηλυτος
1044 1397 1148 1464 habet
1167 1395 1265 1463 Aris-

144 1539 231 1627 toph.
265 1540 395 1608 Eccles.
430 1543 447 1607 1
473 1536 522 1604 :d
553 1541 694 1619 λοιμσρδν
724 1538 822 1617 όμμοο.
841 1543 892 1604 τοῦ
914 1536 1109 1620 τροχηλάτου
1132 1537 1263 1620 λόχνου,

146 1681 272 1748 scilieet
312 1705 373 1768 per
416 1683 610 1769 paroediam
655 1683 845 1749 adhibitum
881 1683 1055 1770 epitheton
1093 1683 1190 1771 quasi
1223 1683 1266 1762 τῷ

143 1820 278 1902 κεροιροὲῳ
300 1821 401 1903 τρόχιρ
424 1821 562 1896 enatet,
590 1827 685 1906 „rota
708 1824 847 1910 figulari
870 1825 1130 1891 circumactus'’.
1155 1823 1265 1905 τροχός

148 1972 239 2045 „rota
261 1965 418 2051 figularis
427 1965 447 1993 ’¹
475 1966 604 2032 occurit
627 1967 716 2053 apud
739 1966 874 2032 Homer.
900 1966 934 2030 Π
959 1966 1001 2030 18
1025 1985 1032 2030 z
1058 1966 1133 2032 600.
1156 2003 1198 2012 -

184 2105 293 2173 Elect.
331 2107 417 2172 1172
452 2107 563 2187 μητρὸς
602 2105 777 2187 νεοφόνοισιν
815 2104 928 2184 οοῖριοισι
962 2105 1169 2188 πεφυρμένοι,
1204 2107 1265 2174 ubi

143 2245 223 2326 οἶμοι
245 2249 267 2315 i.
292 2273 323 2338 q.
349 2250 439 2329 Φόνορ
464 2273 539 2316 oum
562 2252 713 2339 epitheto
737 2252 859 2318 matris
882 2250 1095 2316 interfectae.

185 2392 339 2459 Eandem
361 2393 530 2460 notionem
557 2388 639 2471 οἶμοι
661 2394 782 2460 habet:

183 2536 307 2602 Phoen.
333 2537 420 2603 1062
444 2533 465 2600 όό
488 2535 645 2616 δρόκοντος
669 2531 751 2613 οἶμοι
774 2534 937 2600 λιθόΒολον
956 2532 1158 2616 κοιτειρχοόσυο.
1181 2535 1265 2601 Cum

142 2674 223 2756 νόμον
244 2676 409 2756 λιθόβολον
442 2680 582 2767 „lapide
606 2680 722 2746 ictus’'
756 2680 945 2767 comparari
966 2685 1081 2766 potest
1102 2675 1265 2741 λιθόλευσ-

142 2843 189 2886 τον
211 2821 302 2902 Ἄρη.
337 2822 405 2888 Hic
428 2831 541 2890 autem
566 2823 741 2910 epitheton
765 2824 806 2888 ab
832 2822 973 2889 animali
995 2823 1177 2888 traiectum
1201 2830 1265 2888 est.

143 2962 308 3030 Similiter
333 2962 421 3031 Aias
445 2965 510 3031 546
534 2968 692 3044 νεοσΦοιχη
715 2961 800 3027 τόνδε
823 2961 1027 3042 σροςλεύσσιον
1050 2961 1157 3044 Φόνου,
1181 2964 1262 3030 ibid.

143 3107 184 3171 55
206 3103 375 3186 σολυκέρων
398 3103 486 3185 φόνον
513 3107 676 3190 „caedem
699 3105 966 3172 multicornem.’'
999 3144 1040 3153 —

185 3413 210 3458 o.
256 3391 476 3480 Epitheta
518 3390 695 3479 proprie
739 3391 788 3458 de
833 3390 1082 3457 hominibus
1124 3389 1265 3472 diota,

144 3533 193 3599 ad
233 3533 374 3600 looum
414 3532 779 3615 transferuntur,
819 3533 892 3598 nbi
926 3532 971 3598 hi
1004 3539 1264 3614 versantur,

144 3675 211 3742 vel
245 3675 421 3764 aliquid
457 3683 606 3763 agunt.

185 3959 289 4048 Apud
322 3958 622 4047 Aeschylum
656 3957 819 4044 legimns:
911 4041 914 4048 .

185 4103 293 4168 Prom.
330 4103 395 4169 389
430 4096 448 4175 ἦ
481 4102 522 4182 τῷ
556 4100 616 4165 νέον
650 4097 795 4164 θακοῦντι
825 4107 1016 4181 τοιχκροιτεῖς
1048 4096 1154 4182 ἕδροος,
1178 4101 1266 4188 quod

142 4245 270 4329 poetice
305 4266 368 4332 per
401 4243 547 4329 figuram
583 4243 846 4330 etymologicam
879 4243 1005 4310 dictum
1038 4246 1091 4310 est
1120 4266 1180 4330 pro
1204 4241 1266 4307 θοι·

143 4388 237 4450 νοοῦντι
260 4387 291 4449 ἒν
314 4391 493 4466 συγκροτεῖ
511 4383 593 4469 ἕδρρο,
618 4385 660 4452 ef.
687 4386 724 4452 Ο.
739 4386 780 4454 R.
805 4387 826 4451 2
848 4384 934 4457 τόνοις
956 4383 1030 4449 ποθ’
1055 4382 1144 4466 ἕδροις
1167 4383 1266 4450 τόσδε
