3296 5342
666 612 708 676 51

123 802 297 892 epitheton
321 803 433 872 activo
457 827 557 871 sensu
575 808 768 891 usurpatur,
789 808 829 872 ut
847 803 970 890 Agam.
984 804 1028 870 58
1047 801 1247 885 ὑστερόποινον

121 943 244 1025 Ἐρινύν,
269 945 415 1034 Choeph.
441 947 569 1013 383-
593 944 689 1029 όιτοον,
715 945 837 1032 Agam.
864 947 928 1014 155
952 954 1039 1024 μῆνις
1062 945 1248 1019 τεκνόποινος

125 1089 242 1176 (filiam
276 1089 492 1178 Iphigeniam
524 1089 700 1174 ulciscens)
728 1089 768 1176 ¹),
794 1091 835 1157 de
858 1112 922 1178 quo
944 1091 1021 1160 vide
1043 1113 1099 1178 pg.
1124 1091 1181 1158 91.
1205 1127 1248 1136 -

167 1231 348 1320 Complura
381 1232 535 1320 exempla
564 1232 743 1316 habemus,
778 1233 837 1299 ubi
867 1233 957 1300 actio
995 1233 1165 1318 „caedis”
1198 1233 1248 1298 in·

124 1374 273 1442 struitur
297 1373 447 1461 epitheto
470 1373 613 1441 hominis
637 1375 828 1443 caedentis:

167 1515 261 1606 Sept.
286 1517 350 1582 681
375 1515 488 1595 ὐνδροῑν
510 1514 650 1592 όμαόμων
673 1514 808 1589 θοόνατος
832 1517 1014 1590 αὐτοκτόνος.

166 1659 292 1746 Agam.
318 1660 403 1726 1573
427 1656 524 1733 όολλνν
547 1657 654 1735 γενεόιν
678 1658 793 1740 τρίβειν
816 1658 963 1732 θανοότοις
989 1657 1178 1724 αὐθένταισι.

167 1803 309 1869 Eumen.
334 1803 400 1868 212
423 1802 473 1865 οὐκ
496 1799 532 1864 όον
554 1799 669 1878 γένοιθ’
694 1799 826 1878 όμαιμος
850 1800 998 1877 αὐθέντης
1022 1800 1125 1882 φόνος.

168 1944 245 2012 Non
268 1943 371 2012 aliter
394 1945 478 2011 dicit
496 1943 679 2030 Euripides
695 1947 723 2027 ²)
743 1945 845 2012 Herc.
858 1945 897 2012 F.
918 1946 984 2012 839
1004 1942 1137 2025 αὐθέντρ
1157 1942 1245 2026 Φόνιρ,

167 2088 293 2154 Phoen.
313 2088 380 2153 880
402 2084 537 2158 θοόνατος
557 2085 711 2169 αὐτόχειρ,
732 2087 843 2154 Orest.
864 2088 929 2154 947
949 2086 1105 2168 αὐτόχειρι
1125 2091 1245 2169 σφαγῇ,

122 2231 248 2298 Phoen.
274 2231 341 2296 334
363 2228 581 2310 ἕτάὐτόχειρα
604 2227 744 2309 σΦαγοόν.

168 2371 361 2446 αὐτοκτόνος,
402 2370 572 2446 αὐθέντης,
615 2370 760 2453 αὐτόχειρ
795 2371 825 2439 is
860 2376 929 2455 cst,
973 2372 1032 2460 qui
1066 2396 1101 2439 se
1136 2373 1247 2460 ipsum

124 2515 290 2582 interficit
323 2515 393 2602 (qui
424 2515 560 2603 propria
593 2537 695 2581 manu
729 2514 910 2598 interficit,
943 2514 1002 2602 qui
1033 2514 1099 2581 sibi
1127 2537 1245 2580 manus

124 2659 250 2744 affert),
286 2658 342 2724 vel
373 2658 431 2745 qui
462 2681 522 2725 sua
544 2658 616 2744 ipse
640 2679 742 2722 manu
766 2656 871 2723 alium
890 2656 1070 2740 interficit,
1094 2661 1135 2723 ut
1157 2657 1245 2724 Med.

126 2802 213 2868 1254
245 2799 357 2871 τέκνοις
387 2798 573 2880 προσβαλεῖν
604 2799 672 2879 χέρ’
704 2796 893 2871 αὐτοκτόνον,
925 2799 1013 2886 quod
1035 2799 1110 2887 ipsa
1135 2807 1246 2866 mater

125 2965 186 3010 sua
227 2966 330 3009 manu
362 2943 486 3009 liberos
521 2942 764 3024 interfectura,
799 2965 865 3008 non
901 2941 962 3008 alii
995 2942 1246 3010 interficiendos

1 3151 2 3166 ,
125 3086 299 3153 traditura
320 3094 406 3171 erat,
431 3085 472 3151 cf.
489 3085 668 3153 Wecklein
691 3085 736 3151 ad
746 3084 887 3151 Eumen.
900 3085 983 3150 212:
1001 3082 1169 3168 ,αὐθέντης
1182 3086 1246 3152 wie

123 3227 289 3310 αὐτόχειρ,
329 3252 401 3296 wer
442 3228 515 3294 sein
551 3228 686 3312 eigenes
719 3227 804 3293 Blut
837 3228 1025 3312 vergieszt,
1061 3228 1173 3294 indem
1210 3251 1246 3294 er

125 3370 425 3439 Blutsverwandte
448 3370 655 3457 umbringt”.

167 3511 292 3599 Agam.
318 3513 405 3578 1494
426 3512 572 3596 legitur:
594 3518 713 3580 κεῖσαι.
728 3565 758 3581 ..
782 3512 897 3590 ἀσεβεῖ
912 3511 1039 3593 θανοότῳ
1060 3513 1094 3599 (i.
1106 3535 1134 3578 e.
1154 3509 1213 3592 Φόν
1237 3563 1244 3594 ,

124 3653 241 3739 caede)
283 3651 348 3731 βίον
381 3653 527 3726 ἐκπνέων,
558 3654 639 3742 quia
677 3654 931 3741 Clytaemestra
964 3678 1050 3744 quae
1084 3655 1246 3720 maritum

126 3795 317 3878 interfecit,
352 3794 469 3872 ὐοεβός
498 3804 561 3863 est.
593 3794 807 3882 Aeschylum
830 3799 964 3863 secutus
988 3799 1041 3863 est
1062 3795 1245 3883 Euripides

167 4145 196 4220 ¹>
215 4145 348 4204 Perverse
367 4143 418 4201 hoc
437 4142 509 4216 Frey
527 4141 625 4200 vertit:
646 4141 719 4200 <des
737 4140 842 4198 Kindes
862 4141 1028 4214 verlustiger
1048 4142 1148 4199 zum.»

166 4269 194 4337 ²)
214 4268 251 4326 cf.
282 4266 365 4325 eliam
395 4267 476 4325 Plato
504 4265 591 4338 lagg.
622 4263 641 4321 9
672 4281 719 4338 pg.
748 4263 806 4323 872
839 4263 886 4322 C.:
917 4269 1049 4332 ξυγγενῶν
1074 4267 1227 4330 αὐτόχιιριις

140 4381 228 4442 φόνιοι
244 4376 260 4436 t
277 4375 311 4426 δι’
327 4375 526 4440 ἔπιβννλιύσεντ
542 4374 702 4438 γενομένους·
