<?xml version="1.0" encoding="UTF-8"?>
<!DOCTYPE html PUBLIC "-//W3C//DTD XHTML 1.0 Transitional//EN"
    "http://www.w3.org/TR/xhtml1/DTD/xhtml1-transitional.dtd">
<html xmlns="http://www.w3.org/1999/xhtml" xml:lang="en" lang="en">
 <head>
  <title>
</title>
<meta http-equiv="Content-Type" content="text/html;charset=utf-8" />
  <meta name='ocr-system' content='tesseract 3.04.00' />
  <meta name='ocr-capabilities' content='ocr_page ocr_carea ocr_par ocr_line ocrx_word'/>
</head>
<body>
  <div class='ocr_page' id='page_1' title='image "./quaestionesdeep00anrogoog_0098.png"; bbox 0 0 3296 5342; ppageno 0'>
   <div class='ocr_carea' id='block_1_1' title="bbox 682 635 725 700">
    <p class='ocr_par' dir='ltr' id='par_1_1' title="bbox 682 635 725 700">
     <span class='ocr_line' id='line_1_1' title="bbox 682 635 725 700; baseline 0 0"><span class='ocrx_word' id='word_1_1' title='bbox 682 635 725 700; x_wconf 80' lang='lat'>85</span> 
     </span>
    </p>
   </div>
   <div class='ocr_carea' id='block_1_2' title="bbox 135 826 1261 910">
    <p class='ocr_par' dir='ltr' id='par_1_2' title="bbox 135 826 1261 910">
     <span class='ocr_line' id='line_1_2' title="bbox 135 826 1261 910; baseline 0.002 -18"><span class='ocrx_word' id='word_1_2' title='bbox 135 827 225 894; x_wconf 76' lang='lat' dir='ltr'>Pers·</span> <span class='ocrx_word' id='word_1_3' title='bbox 251 829 295 894; x_wconf 88' lang='grc'>97</span> <span class='ocrx_word' id='word_1_4' title='bbox 330 826 490 909; x_wconf 80' lang='grc' dir='ltr'><em>φιλόφρων</em></span> <span class='ocrx_word' id='word_1_5' title='bbox 523 827 583 909; x_wconf 85' lang='grc' dir='ltr'><em>γόορ</em></span> <span class='ocrx_word' id='word_1_6' title='bbox 616 827 798 910; x_wconf 87' lang='grc' dir='ltr'><em>παρασαίνει</em></span> <span class='ocrx_word' id='word_1_7' title='bbox 829 828 934 910; x_wconf 84' lang='grc' dir='ltr'><em>βροτόν</em></span> <span class='ocrx_word' id='word_1_8' title='bbox 957 829 999 902; x_wconf 83' lang='grc' dir='ltr'><em>είς</em></span> <span class='ocrx_word' id='word_1_9' title='bbox 1023 827 1137 910; x_wconf 85' lang='grc' dir='ltr'><em>όιρκυας</em></span> <span class='ocrx_word' id='word_1_10' title='bbox 1159 829 1261 894; x_wconf 65' lang='lat' dir='ltr'>”Ave</span> 
     </span>
    </p>
   </div>
   <div class='ocr_carea' id='block_1_3' title="bbox 131 969 1388 1061">
    <p class='ocr_par' dir='ltr' id='par_1_3' title="bbox 131 969 1388 1061">
     <span class='ocr_line' id='line_1_3' title="bbox 131 969 1388 1061; baseline 0.002 -26"><span class='ocrx_word' id='word_1_11' title='bbox 131 969 280 1058; x_wconf 77' lang='lat' dir='ltr'>Choeph.</span> <span class='ocrx_word' id='word_1_12' title='bbox 318 972 383 1037; x_wconf 83' lang='lat'>383</span> <span class='ocrx_word' id='word_1_13' title='bbox 426 969 567 1035; x_wconf 67' lang='grc' dir='ltr'><em>κοίτοιθεν</em></span> <span class='ocrx_word' id='word_1_14' title='bbox 610 971 791 1050; x_wconf 78' lang='grc' dir='ltr'><em>οὶμπέμποιν</em></span> <span class='ocrx_word' id='word_1_15' title='bbox 832 970 1031 1053; x_wconf 73' lang='grc' dir='ltr'>ὑστερόποινον</span> <span class='ocrx_word' id='word_1_16' title='bbox 1067 973 1182 1044; x_wconf 73' lang='grc' dir='ltr'><em>”Αταν,</em></span> <span class='ocrx_word' id='word_1_17' title='bbox 1218 972 1260 1037; x_wconf 85' lang='lat' dir='ltr'>of.</span> <span class='ocrx_word' id='word_1_18' title='bbox 1381 1049 1388 1061; x_wconf 41' lang='lat'>‚</span> 
     </span>
    </p>
   </div>
   <div class='ocr_carea' id='block_1_4' title="bbox 136 1112 1260 1201">
    <p class='ocr_par' dir='ltr' id='par_1_4' title="bbox 136 1112 1260 1201">
     <span class='ocr_line' id='line_1_4' title="bbox 136 1112 1260 1201; baseline 0 -22"><span class='ocrx_word' id='word_1_19' title='bbox 136 1112 238 1180; x_wconf 83' lang='lat' dir='ltr'>etiem</span> <span class='ocrx_word' id='word_1_20' title='bbox 267 1113 362 1201; x_wconf 88' lang='lat' dir='ltr'>Sept.</span> <span class='ocrx_word' id='word_1_21' title='bbox 388 1116 471 1197; x_wconf 84' lang='grc'><strong>956,</strong></span> <span class='ocrx_word' id='word_1_22' title='bbox 496 1115 587 1182; x_wconf 85' lang='lat' dir='ltr'>Pers.</span> <span class='ocrx_word' id='word_1_23' title='bbox 612 1115 708 1198; x_wconf 88' lang='grc'><strong>1006,</strong></span> <span class='ocrx_word' id='word_1_24' title='bbox 743 1114 867 1200; x_wconf 83' lang='lat' dir='ltr'><strong>Agam.</strong></span> <span class='ocrx_word' id='word_1_25' title='bbox 894 1115 990 1198; x_wconf 82' lang='lat'>1124,</span> <span class='ocrx_word' id='word_1_26' title='bbox 1017 1116 1112 1198; x_wconf 85' lang='lat'>1433,</span> <span class='ocrx_word' id='word_1_27' title='bbox 1137 1113 1260 1200; x_wconf 84' lang='lat' dir='ltr'><strong>Agam.</strong></span> 
     </span>
    </p>
   </div>
   <div class='ocr_carea' id='block_1_5' title="bbox 138 1254 1261 1342">
    <p class='ocr_par' dir='ltr' id='par_1_5' title="bbox 138 1254 1261 1342">
     <span class='ocr_line' id='line_1_5' title="bbox 138 1254 1261 1342; baseline -0.003 -20"><span class='ocrx_word' id='word_1_28' title='bbox 138 1257 215 1322; x_wconf 83' lang='lat'><strong>386:</strong></span> <span class='ocrx_word' id='word_1_29' title='bbox 249 1255 362 1333; x_wconf 79' lang='grc' dir='ltr'><em>βιῖιται</em></span> <span class='ocrx_word' id='word_1_30' title='bbox 391 1257 441 1321; x_wconf 81' lang='grc' dir='ltr'>δὀὶ</span> <span class='ocrx_word' id='word_1_31' title='bbox 473 1254 607 1321; x_wconf 87' lang='grc' dir='ltr'><em>τιίλαινα</em></span> <span class='ocrx_word' id='word_1_32' title='bbox 638 1254 756 1329; x_wconf 72' lang='grc' dir='ltr'><em>Πειθὼ,</em></span> <span class='ocrx_word' id='word_1_33' title='bbox 781 1255 948 1338; x_wconf 74' lang='grc' dir='ltr'><em>προβούλου</em></span> <span class='ocrx_word' id='word_1_34' title='bbox 971 1263 1046 1328; x_wconf 84' lang='grc' dir='ltr'><em>παῖς</em></span> <span class='ocrx_word' id='word_1_35' title='bbox 1074 1257 1103 1342; x_wconf 71' lang='lat'>¹)</span> <span class='ocrx_word' id='word_1_36' title='bbox 1127 1254 1261 1337; x_wconf 75' lang='grc' dir='ltr'><em>ἄφερτος</em></span> 
     </span>
    </p>
   </div>
   <div class='ocr_carea' id='block_1_6' title="bbox 13 1396 942 1474">
    <p class='ocr_par' dir='ltr' id='par_1_6' title="bbox 13 1396 942 1474">
     <span class='ocr_line' id='line_1_6' title="bbox 13 1396 942 1474; baseline 0.001 -12"><span class='ocrx_word' id='word_1_37' title='bbox 13 1439 14 1462; x_wconf 62' lang='grc' dir='ltr'><em>ι</em></span> <span class='ocrx_word' id='word_1_38' title='bbox 132 1398 254 1470; x_wconf 75' lang='grc' dir='ltr'><em>Ἄτας,</em></span> <span class='ocrx_word' id='word_1_39' title='bbox 278 1399 339 1464; x_wconf 89' lang='lat' dir='ltr'>ubi</span> <span class='ocrx_word' id='word_1_40' title='bbox 362 1396 465 1463; x_wconf 69' lang='grc' dir='ltr'><em>Πειθώ</em></span> <span class='ocrx_word' id='word_1_41' title='bbox 488 1400 562 1466; x_wconf 87' lang='lat' dir='ltr'>filia</span> <span class='ocrx_word' id='word_1_42' title='bbox 585 1422 657 1466; x_wconf 83' lang='lat' dir='ltr'>esse</span> <span class='ocrx_word' id='word_1_43' title='bbox 682 1400 807 1466; x_wconf 86' lang='lat' dir='ltr'>dicitur</span> <span class='ocrx_word' id='word_1_44' title='bbox 830 1400 942 1474; x_wconf 70' lang='grc' dir='ltr'><em>Ἄτας.</em></span> 
     </span>
    </p>
   </div>
   <div class='ocr_carea' id='block_1_7' title="bbox 131 1539 1260 1772">
    <p class='ocr_par' dir='ltr' id='par_1_7' title="bbox 131 1539 1260 1772">
     <span class='ocr_line' id='line_1_7' title="bbox 174 1539 1260 1630; baseline 0.003 -25"><span class='ocrx_word' id='word_1_45' title='bbox 174 1541 229 1606; x_wconf 84' lang='lat' dir='ltr'>Ex</span> <span class='ocrx_word' id='word_1_46' title='bbox 263 1539 328 1607; x_wconf 88' lang='lat' dir='ltr'>hoe</span> <span class='ocrx_word' id='word_1_47' title='bbox 356 1540 598 1628; x_wconf 84' lang='lat' dir='ltr'>intelligentur</span> <span class='ocrx_word' id='word_1_48' title='bbox 619 1541 701 1619; x_wconf 83' lang='lat' dir='ltr'>loci,</span> <span class='ocrx_word' id='word_1_49' title='bbox 724 1542 783 1607; x_wconf 89' lang='lat' dir='ltr'>ubi</span> <span class='ocrx_word' id='word_1_50' title='bbox 807 1539 866 1616; x_wconf 80' lang='grc' dir='ltr'><em>όιτη</em></span> <span class='ocrx_word' id='word_1_51' title='bbox 891 1542 1026 1630; x_wconf 88' lang='lat' dir='ltr'>quidem</span> <span class='ocrx_word' id='word_1_52' title='bbox 1049 1543 1086 1608; x_wconf 88' lang='lat' dir='ltr'>in</span> <span class='ocrx_word' id='word_1_53' title='bbox 1108 1542 1260 1609; x_wconf 85' lang='lat' dir='ltr'>abstrae-</span> 
     </span>
     <span class='ocr_line' id='line_1_8' title="bbox 131 1683 1259 1772; baseline 0.002 -24"><span class='ocrx_word' id='word_1_54' title='bbox 131 1685 200 1749; x_wconf 85' lang='lat' dir='ltr'>tom</span> <span class='ocrx_word' id='word_1_55' title='bbox 222 1683 392 1760; x_wconf 86' lang='lat' dir='ltr'>notionem</span> <span class='ocrx_word' id='word_1_56' title='bbox 420 1684 625 1772; x_wconf 75' lang='lat' dir='ltr'>„pernicieS‚</span> <span class='ocrx_word' id='word_1_57' title='bbox 651 1684 829 1750; x_wconf 86' lang='lat' dir='ltr'><strong>damnum”</strong></span> <span class='ocrx_word' id='word_1_58' title='bbox 854 1683 1005 1765; x_wconf 83' lang='lat' dir='ltr'>transiit,</span> <span class='ocrx_word' id='word_1_59' title='bbox 1039 1684 1098 1751; x_wconf 89' lang='lat' dir='ltr'>sod</span> <span class='ocrx_word' id='word_1_60' title='bbox 1121 1683 1259 1772; x_wconf 80' lang='lat' dir='ltr'>propria</span> 
     </span>
    </p>
   </div>
   <div class='ocr_carea' id='block_1_8' title="bbox 133 1823 1257 1914">
    <p class='ocr_par' dir='ltr' id='par_1_8' title="bbox 133 1823 1257 1914">
     <span class='ocr_line' id='line_1_9' title="bbox 133 1823 1257 1914; baseline 0.003 -26"><span class='ocrx_word' id='word_1_61' title='bbox 133 1823 182 1890; x_wconf 85' lang='lat' dir='ltr'>vis</span> <span class='ocrx_word' id='word_1_62' title='bbox 205 1824 364 1892; x_wconf 83' lang='lat' dir='ltr'>vocabuli</span> <span class='ocrx_word' id='word_1_63' title='bbox 388 1825 499 1892; x_wconf 81' lang='lat' dir='ltr'>adhue</span> <span class='ocrx_word' id='word_1_64' title='bbox 520 1825 640 1892; x_wconf 86' lang='lat' dir='ltr'>sentiri</span> <span class='ocrx_word' id='word_1_65' title='bbox 657 1829 785 1914; x_wconf 87' lang='lat' dir='ltr'>potest,</span> <span class='ocrx_word' id='word_1_66' title='bbox 806 1847 907 1914; x_wconf 81' lang='lat' dir='ltr'><strong>quam</strong></span> <span class='ocrx_word' id='word_1_67' title='bbox 925 1827 966 1893; x_wconf 93' lang='lat' dir='ltr'>ob</span> <span class='ocrx_word' id='word_1_68' title='bbox 987 1849 1060 1892; x_wconf 85' lang='lat' dir='ltr'>rem</span> <span class='ocrx_word' id='word_1_69' title='bbox 1072 1826 1257 1914; x_wconf 76' lang='lat' dir='ltr'>epitheton,</span> 
     </span>
    </p>
   </div>
   <div class='ocr_carea' id='block_1_9' title="bbox 129 1966 1387 2056">
    <p class='ocr_par' dir='ltr' id='par_1_9' title="bbox 129 1966 1387 2056">
     <span class='ocr_line' id='line_1_10' title="bbox 129 1966 1387 2056; baseline -0.006 -20"><span class='ocrx_word' id='word_1_70' title='bbox 129 1966 218 2054; x_wconf 85' lang='lat' dir='ltr'>quod</span> <span class='ocrx_word' id='word_1_71' title='bbox 241 1967 390 2050; x_wconf 87' lang='lat' dir='ltr'>aceedit,</span> <span class='ocrx_word' id='word_1_72' title='bbox 416 1967 533 2056; x_wconf 83' lang='lat' dir='ltr'>propio</span> <span class='ocrx_word' id='word_1_73' title='bbox 557 1969 600 2035; x_wconf 84' lang='lat' dir='ltr'>ad</span> <span class='ocrx_word' id='word_1_74' title='bbox 623 1989 800 2056; x_wconf 81' lang='lat' dir='ltr'>personam</span> <span class='ocrx_word' id='word_1_75' title='bbox 822 1968 1039 2035; x_wconf 85' lang='lat' dir='ltr'>referendum</span> <span class='ocrx_word' id='word_1_76' title='bbox 1062 1975 1124 2034; x_wconf 85' lang='lat' dir='ltr'>est.</span> <span class='ocrx_word' id='word_1_77' title='bbox 1157 1968 1258 2054; x_wconf 86' lang='lat' dir='ltr'>Legi·</span> <span class='ocrx_word' id='word_1_78' title='bbox 1382 1966 1387 1974; x_wconf 85' lang='lat'><em>&#39;</em></span> 
     </span>
    </p>
   </div>
   <div class='ocr_carea' id='block_1_10' title="bbox 131 2113 1259 4186">
    <p class='ocr_par' dir='ltr' id='par_1_10' title="bbox 131 2113 343 2177">
     <span class='ocr_line' id='line_1_11' title="bbox 131 2113 343 2177; baseline 0 -1"><span class='ocrx_word' id='word_1_79' title='bbox 131 2115 190 2176; x_wconf 86' lang='lat' dir='ltr'>tur</span> <span class='ocrx_word' id='word_1_80' title='bbox 214 2113 343 2177; x_wconf 82' lang='lat' dir='ltr'>autem:</span> 
     </span>
    </p>

    <p class='ocr_par' dir='ltr' id='par_1_11' title="bbox 133 2249 1259 2908">
     <span class='ocr_line' id='line_1_12' title="bbox 176 2249 1258 2340; baseline -0.006 -22"><span class='ocrx_word' id='word_1_81' title='bbox 176 2251 268 2340; x_wconf 81' lang='lat' dir='ltr'>Sept.</span> <span class='ocrx_word' id='word_1_82' title='bbox 293 2253 359 2318; x_wconf 83' lang='lat'>315</span> <span class='ocrx_word' id='word_1_83' title='bbox 383 2251 609 2333; x_wconf 63' lang='grc' dir='ltr'><em>ἀνδρολέτειραν</em></span> <span class='ocrx_word' id='word_1_84' title='bbox 631 2251 720 2324; x_wconf 91' lang='grc' dir='ltr'><em>νόσον,</em></span> <span class='ocrx_word' id='word_1_85' title='bbox 744 2251 888 2331; x_wconf 78' lang='grc' dir='ltr'><em>ῥίψοπλον</em></span> <span class='ocrx_word' id='word_1_86' title='bbox 911 2249 1007 2324; x_wconf 87' lang='grc' dir='ltr'><em>ι’ίτοιν,</em></span> <span class='ocrx_word' id='word_1_87' title='bbox 1031 2251 1090 2317; x_wconf 88' lang='lat' dir='ltr'>ubi</span> <span class='ocrx_word' id='word_1_88' title='bbox 1113 2250 1258 2332; x_wconf 76' lang='grc' dir='ltr'><em>ῥίψοπλον</em></span> 
     </span>
     <span class='ocr_line' id='line_1_13' title="bbox 133 2391 1257 2482; baseline 0.004 -26"><span class='ocrx_word' id='word_1_89' title='bbox 133 2392 210 2458; x_wconf 74' lang='grc' dir='ltr'><em>όταν</em></span> <span class='ocrx_word' id='word_1_90' title='bbox 233 2418 300 2461; x_wconf 92' lang='lat' dir='ltr'>non</span> <span class='ocrx_word' id='word_1_91' title='bbox 324 2395 508 2481; x_wconf 83' lang='lat' dir='ltr'>signifieat:</span> <span class='ocrx_word' id='word_1_92' title='bbox 541 2394 725 2482; x_wconf 82' lang='lat' dir='ltr'>perniciem</span> <span class='ocrx_word' id='word_1_93' title='bbox 750 2397 801 2458; x_wconf 84' lang='grc' dir='ltr'>τοῦ</span> <span class='ocrx_word' id='word_1_94' title='bbox 824 2392 938 2474; x_wconf 79' lang='grc' dir='ltr'><em>ῥίπτειν</em></span> <span class='ocrx_word' id='word_1_95' title='bbox 961 2392 1002 2457; x_wconf 78' lang='grc' dir='ltr'>τόν</span> <span class='ocrx_word' id='word_1_96' title='bbox 1025 2391 1109 2457; x_wconf 84' lang='grc' dir='ltr'><em>όπλα</em></span> <span class='ocrx_word' id='word_1_97' title='bbox 1145 2393 1257 2479; x_wconf 64' lang='lat' dir='ltr'>(Deti-</span> 
     </span>
     <span class='ocr_line' id='line_1_14' title="bbox 134 2535 1259 2625; baseline -0.001 -21"><span class='ocrx_word' id='word_1_98' title='bbox 134 2536 272 2622; x_wconf 86' lang='lat' dir='ltr'>weiler)‚</span> <span class='ocrx_word' id='word_1_99' title='bbox 309 2559 417 2625; x_wconf 87' lang='lat' dir='ltr'>neque</span> <span class='ocrx_word' id='word_1_100' title='bbox 452 2537 698 2620; x_wconf 81' lang='lat' dir='ltr'>calamitatem,</span> <span class='ocrx_word' id='word_1_101' title='bbox 729 2560 815 2624; x_wconf 78' lang='lat' dir='ltr'>quae</span> <span class='ocrx_word' id='word_1_102' title='bbox 848 2540 980 2603; x_wconf 84' lang='lat' dir='ltr'>scutum</span> <span class='ocrx_word' id='word_1_103' title='bbox 1009 2536 1143 2603; x_wconf 79' lang='lat' dir='ltr'>abicere</span> <span class='ocrx_word' id='word_1_104' title='bbox 1167 2535 1259 2621; x_wconf 83' lang='lat' dir='ltr'>cogit</span> 
     </span>
     <span class='ocr_line' id='line_1_15' title="bbox 136 2676 1257 2764; baseline -0.002 -20"><span class='ocrx_word' id='word_1_105' title='bbox 136 2678 348 2764; x_wconf 86' lang='lat' dir='ltr'>(Blomfield),</span> <span class='ocrx_word' id='word_1_106' title='bbox 373 2679 433 2746; x_wconf 86' lang='lat' dir='ltr'>sed</span> <span class='ocrx_word' id='word_1_107' title='bbox 460 2683 616 2763; x_wconf 81' lang='lat' dir='ltr'>„scutum</span> <span class='ocrx_word' id='word_1_108' title='bbox 640 2677 878 2745; x_wconf 82' lang='lat' dir='ltr'>abicientem&#39;&#39;.</span> <span class='ocrx_word' id='word_1_109' title='bbox 902 2677 1048 2759; x_wconf 73' lang='grc' dir='ltr'><em>ρ’ίφοπλος</em></span> <span class='ocrx_word' id='word_1_110' title='bbox 1070 2678 1093 2750; x_wconf 89' lang='lat' dir='ltr'>i.</span> <span class='ocrx_word' id='word_1_111' title='bbox 1119 2699 1147 2744; x_wconf 89' lang='lat' dir='ltr'>e.</span> <span class='ocrx_word' id='word_1_112' title='bbox 1168 2676 1257 2758; x_wconf 76' lang='grc' dir='ltr'><em>ῥίψα-</em></span> 
     </span>
     <span class='ocr_line' id='line_1_16' title="bbox 133 2820 1049 2908; baseline 0.004 -26"><span class='ocrx_word' id='word_1_113' title='bbox 133 2844 222 2903; x_wconf 84' lang='grc' dir='ltr'><em>σπις,</em></span> <span class='ocrx_word' id='word_1_114' title='bbox 245 2822 277 2888; x_wconf 86' lang='lat' dir='ltr'>is</span> <span class='ocrx_word' id='word_1_115' title='bbox 302 2825 355 2888; x_wconf 88' lang='lat' dir='ltr'>est</span> <span class='ocrx_word' id='word_1_116' title='bbox 377 2821 435 2908; x_wconf 88' lang='lat' dir='ltr'>qui</span> <span class='ocrx_word' id='word_1_117' title='bbox 458 2821 581 2908; x_wconf 83' lang='lat' dir='ltr'>clypeo</span> <span class='ocrx_word' id='word_1_118' title='bbox 604 2820 734 2888; x_wconf 82' lang='lat' dir='ltr'>abieoto</span> <span class='ocrx_word' id='word_1_119' title='bbox 758 2843 776 2886; x_wconf 92' lang='lat' dir='ltr'>e</span> <span class='ocrx_word' id='word_1_120' title='bbox 798 2820 925 2908; x_wconf 88' lang='lat' dir='ltr'>proelio</span> <span class='ocrx_word' id='word_1_121' title='bbox 948 2821 1049 2907; x_wconf 83' lang='lat' dir='ltr'>fugit.</span> 
     </span>
    </p>

    <p class='ocr_par' dir='ltr' id='par_1_12' title="bbox 132 2959 1256 3468">
     <span class='ocr_line' id='line_1_17' title="bbox 178 2959 1256 3051; baseline -0.003 -20"><span class='ocrx_word' id='word_1_122' title='bbox 178 2963 270 3051; x_wconf 81' lang='lat' dir='ltr'>Sept.</span> <span class='ocrx_word' id='word_1_123' title='bbox 296 2965 361 3030; x_wconf 90' lang='grc'>637</span> <span class='ocrx_word' id='word_1_124' title='bbox 392 2959 599 3039; x_wconf 70' lang='grc' dir='ltr'><em>θυμοπλνθίρς</em></span> <span class='ocrx_word' id='word_1_125' title='bbox 621 2961 800 3042; x_wconf 69' lang='grc' dir='ltr'><em>δορίμαργος</em></span> <span class='ocrx_word' id='word_1_126' title='bbox 823 2960 887 3025; x_wconf 89' lang='grc' dir='ltr'><em>όιτα</em></span> <span class='ocrx_word' id='word_1_127' title='bbox 914 2961 1131 3044; x_wconf 83' lang='lat' dir='ltr'>„furibunda‚</span> <span class='ocrx_word' id='word_1_128' title='bbox 1155 2961 1256 3028; x_wconf 85' lang='lat' dir='ltr'>hasta</span> 
     </span>
     <span class='ocr_line' id='line_1_18' title="bbox 132 3103 1256 3192; baseline -0.004 -21"><span class='ocrx_word' id='word_1_129' title='bbox 132 3105 288 3173; x_wconf 81' lang='lat' dir='ltr'>saeviens</span> <span class='ocrx_word' id='word_1_130' title='bbox 320 3105 520 3192; x_wconf 81' lang='lat' dir='ltr'>pernicies&#39;&#39;.</span> <span class='ocrx_word' id='word_1_131' title='bbox 563 3104 693 3171; x_wconf 81' lang='lat' dir='ltr'>Eadem</span> <span class='ocrx_word' id='word_1_132' title='bbox 723 3103 970 3190; x_wconf 82' lang='lat' dir='ltr'>significatione</span> <span class='ocrx_word' id='word_1_133' title='bbox 1005 3125 1044 3170; x_wconf 79' lang='lat' dir='ltr'>ao</span> <span class='ocrx_word' id='word_1_134' title='bbox 1077 3103 1256 3184; x_wconf 73' lang='grc' dir='ltr'><em>δορίμαργος</em></span> 
     </span>
     <span class='ocr_line' id='line_1_19' title="bbox 134 3243 1254 3336; baseline -0.003 -24"><span class='ocrx_word' id='word_1_135' title='bbox 134 3246 261 3334; x_wconf 86' lang='lat' dir='ltr'>legitur</span> <span class='ocrx_word' id='word_1_136' title='bbox 283 3246 444 3328; x_wconf 79' lang='grc' dir='ltr'><em>δοριμανιίς</em></span> <span class='ocrx_word' id='word_1_137' title='bbox 468 3247 558 3336; x_wconf 89' lang='lat' dir='ltr'>apud</span> <span class='ocrx_word' id='word_1_138' title='bbox 581 3246 780 3334; x_wconf 85' lang='lat' dir='ltr'>Euripidem</span> <span class='ocrx_word' id='word_1_139' title='bbox 802 3246 918 3334; x_wconf 87' lang='lat' dir='ltr'>Suppl.</span> <span class='ocrx_word' id='word_1_140' title='bbox 941 3247 1023 3312; x_wconf 81' lang='lat'>485:</span> <span class='ocrx_word' id='word_1_141' title='bbox 1048 3247 1098 3310; x_wconf 84' lang='grc' dir='ltr'>οὐκ</span> <span class='ocrx_word' id='word_1_142' title='bbox 1121 3245 1157 3309; x_wconf 86' lang='grc' dir='ltr'>όιν</span> <span class='ocrx_word' id='word_1_143' title='bbox 1181 3243 1254 3310; x_wconf 68' lang='grc' dir='ltr'><em>ποθ’</em></span> 
     </span>
     <span class='ocr_line' id='line_1_20' title="bbox 133 3387 630 3468; baseline 0.002 -17"><span class='ocrx_word' id='word_1_144' title='bbox 133 3387 249 3460; x_wconf 88' lang='grc' dir='ltr'><em>Ἑλλόις</em></span> <span class='ocrx_word' id='word_1_145' title='bbox 274 3389 433 3468; x_wconf 63' lang='grc' dir='ltr'><em>δοριμανὴς</em></span> <span class='ocrx_word' id='word_1_146' title='bbox 456 3388 630 3453; x_wconf 76' lang='grc' dir='ltr'><em>οέποίλλυτο.</em></span> 
     </span>
    </p>

    <p class='ocr_par' dir='ltr' id='par_1_13' title="bbox 133 3528 1255 3762">
     <span class='ocr_line' id='line_1_21' title="bbox 175 3528 1255 3611; baseline -0.004 -13"><span class='ocrx_word' id='word_1_147' title='bbox 175 3531 270 3598; x_wconf 78' lang='lat' dir='ltr'>PerS.</span> <span class='ocrx_word' id='word_1_148' title='bbox 295 3532 360 3598; x_wconf 85' lang='grc'>653</span> <span class='ocrx_word' id='word_1_149' title='bbox 395 3531 460 3595; x_wconf 79' lang='grc' dir='ltr'><em>οὐδὲ</em></span> <span class='ocrx_word' id='word_1_150' title='bbox 494 3529 556 3611; x_wconf 86' lang='grc' dir='ltr'><em>γόιρ</em></span> <span class='ocrx_word' id='word_1_151' title='bbox 587 3529 697 3611; x_wconf 77' lang='grc' dir='ltr'><em>ἄνδρας</em></span> <span class='ocrx_word' id='word_1_152' title='bbox 727 3533 795 3596; x_wconf 91' lang='grc' dir='ltr'><em>ποτ’</em></span> <span class='ocrx_word' id='word_1_153' title='bbox 827 3531 956 3595; x_wconf 78' lang='grc' dir='ltr'><em>οὶπόλλυ</em></span> <span class='ocrx_word' id='word_1_154' title='bbox 980 3528 1255 3611; x_wconf 66' lang='grc' dir='ltr'><em>πολεμοφθόροισιν</em></span> 
     </span>
     <span class='ocr_line' id='line_1_22' title="bbox 133 3670 591 3762; baseline 0.013 -27"><span class='ocrx_word' id='word_1_155' title='bbox 133 3670 240 3747; x_wconf 74' lang='grc' dir='ltr'><em>ἄταις,</em></span> <span class='ocrx_word' id='word_1_156' title='bbox 268 3674 383 3758; x_wconf 77' lang='lat' dir='ltr'>„bello</span> <span class='ocrx_word' id='word_1_157' title='bbox 405 3674 550 3762; x_wconf 88' lang='lat' dir='ltr'>perdens</span> <span class='ocrx_word' id='word_1_158' title='bbox 561 3674 591 3741; x_wconf 88' lang='lat'>”.</span> 
     </span>
    </p>

    <p class='ocr_par' dir='ltr' id='par_1_14' title="bbox 176 3814 1111 3903">
     <span class='ocr_line' id='line_1_23' title="bbox 176 3814 1111 3903; baseline 0 -22"><span class='ocrx_word' id='word_1_159' title='bbox 176 3815 298 3903; x_wconf 83' lang='lat' dir='ltr'><strong>Agam.</strong></span> <span class='ocrx_word' id='word_1_160' title='bbox 322 3817 388 3882; x_wconf 86' lang='grc'>643</span> <span class='ocrx_word' id='word_1_161' title='bbox 412 3816 558 3895; x_wconf 83' lang='grc' dir='ltr'><em>δίλογχον</em></span> <span class='ocrx_word' id='word_1_162' title='bbox 581 3814 656 3889; x_wconf 76' lang='grc' dir='ltr'><em>όταν</em></span> <span class='ocrx_word' id='word_1_163' title='bbox 682 3816 786 3900; x_wconf 84' lang='lat' dir='ltr'>„dues</span> <span class='ocrx_word' id='word_1_164' title='bbox 809 3839 932 3903; x_wconf 84' lang='lat' dir='ltr'>gerens</span> <span class='ocrx_word' id='word_1_165' title='bbox 955 3816 1111 3884; x_wconf 82' lang='lat' dir='ltr'>hastas&#39;&#39;.</span> 
     </span>
    </p>

    <p class='ocr_par' dir='ltr' id='par_1_15' title="bbox 174 3957 817 4038">
     <span class='ocr_line' id='line_1_24' title="bbox 174 3957 817 4038; baseline 0.002 -14"><span class='ocrx_word' id='word_1_166' title='bbox 174 3958 276 4025; x_wconf 87' lang='lat' dir='ltr'>Hero.</span> <span class='ocrx_word' id='word_1_167' title='bbox 299 3957 338 4024; x_wconf 84' lang='lat' dir='ltr'>F.</span> <span class='ocrx_word' id='word_1_168' title='bbox 363 3959 451 4026; x_wconf 79' lang='lat'>1284</span> <span class='ocrx_word' id='word_1_169' title='bbox 472 3957 704 4038; x_wconf 68' lang='grc' dir='ltr'><em>εὐπροσηγόρους</em></span> <span class='ocrx_word' id='word_1_170' title='bbox 726 3958 817 4031; x_wconf 87' lang='grc' dir='ltr'><em>ι’ίτας.</em></span> 
     </span>
    </p>

    <p class='ocr_par' dir='ltr' id='par_1_16' title="bbox 174 4097 1163 4186">
     <span class='ocr_line' id='line_1_25' title="bbox 174 4097 1163 4186; baseline 0 -22"><span class='ocrx_word' id='word_1_171' title='bbox 174 4097 249 4186; x_wconf 88' lang='lat' dir='ltr'>Iph.</span> <span class='ocrx_word' id='word_1_172' title='bbox 272 4099 311 4165; x_wconf 81' lang='grc' dir='ltr'>Τ.</span> <span class='ocrx_word' id='word_1_173' title='bbox 336 4099 402 4166; x_wconf 77' lang='grc'>225</span> <span class='ocrx_word' id='word_1_174' title='bbox 426 4097 621 4180; x_wconf 79' lang='grc' dir='ltr'><em>αἱμόρραντον</em></span> <span class='ocrx_word' id='word_1_175' title='bbox 644 4098 866 4182; x_wconf 77' lang='grc' dir='ltr'><em>δυσφόρμιγγα</em></span> <span class='ocrx_word' id='word_1_176' title='bbox 889 4098 969 4164; x_wconf 88' lang='grc' dir='ltr'><em>όοταν</em></span> <span class='ocrx_word' id='word_1_177' title='bbox 991 4097 1098 4176; x_wconf 75' lang='grc' dir='ltr'><em>ξείνων.</em></span> <span class='ocrx_word' id='word_1_178' title='bbox 1119 4139 1163 4147; x_wconf 91' lang='lat'><em>-</em></span> 
     </span>
    </p>
   </div>
   <div class='ocr_carea' id='block_1_11' title="bbox 137 4293 336 4310">
    <p class='ocr_par' dir='ltr' id='par_1_17' title="bbox 137 4293 336 4310">
     <span class='ocr_line' id='line_1_26' title="bbox 137 4293 336 4310; baseline 0.01 -2"><span class='ocrx_word' id='word_1_179' title='bbox 137 4293 336 4310; x_wconf 60' lang='grc'>0.-</span> 
     </span>
    </p>
   </div>
   <div class='ocr_carea' id='block_1_12' title="bbox 178 4393 654 4469">
    <p class='ocr_par' dir='ltr' id='par_1_18' title="bbox 178 4393 654 4469">
     <span class='ocr_line' id='line_1_27' title="bbox 178 4393 654 4469; baseline -0.008 -15"><span class='ocrx_word' id='word_1_180' title='bbox 178 4393 205 4468; x_wconf 82' lang='lat'>¹)</span> <span class='ocrx_word' id='word_1_181' title='bbox 226 4393 358 4469; x_wconf 79' lang='lat' dir='ltr'>Hartung</span> <span class='ocrx_word' id='word_1_182' title='bbox 376 4411 441 4469; x_wconf 88' lang='lat' dir='ltr'>pro:</span> <span class='ocrx_word' id='word_1_183' title='bbox 460 4399 654 4464; x_wconf 72' lang='grc' dir='ltr'><em>προβιολοπαιε.</em></span> 
     </span>
    </p>
   </div>
   <div class='ocr_carea' id='block_1_13' title="bbox 0 0 1661 5342">
    <p class='ocr_par' dir='ltr' id='par_1_19' title="bbox 0 0 1661 5342">
     <span class='ocr_line' id='line_1_28' title="bbox 0 0 1661 5342; baseline 0 0"><span class='ocrx_word' id='word_1_184' title='bbox 0 0 1661 5342; x_wconf 95' lang='lat' dir='ltr'> </span> 
     </span>
    </p>
   </div>
  </div>
 </body>
</html>
