3296 5342
945 617 989 685 46

403 810 641 890 πολύπλαγκτος
698 813 866 897 „multum
912 812 1182 882 circumerrcns”
1237 811 1373 880 dicitur.
1425 811 1508 879 simi-

403 953 505 1021 liter:

447 1095 555 1163 Prom.
579 1099 645 1164 576
667 1097 853 1172 τνλὲπλανοι
876 1095 1004 1165 πλοόναι.
1033 1100 1062 1182 ¹)

495 1291 509 1323 „
581 1241 646 1306 788
666 1239 824 1334 ιπολύδονον
857 1239 991 1326 πλόνιιν,
1029 1240 1200 1325 „mustum
1230 1240 1411 1308 iactatus.”
1441 1238 1492 1306 Ad
1603 1252 1607 1264 ¹

401 1382 502 1451 huius
544 1383 718 1472 compositi
747 1383 921 1472 passivum
955 1405 1088 1450 sensum
1122 1382 1165 1449 cf.
1199 1382 1294 1450 Pers.
1330 1382 1395 1448 276
1428 1379 1509 1460 πολύ-

401 1523 471 1590 δονα
495 1523 642 1608 σώματα,
669 1532 704 1593 et
726 1525 842 1613 Suppl.
869 1527 910 1591 17
933 1523 1110 1606 οἰστροδόνου
1133 1522 1212 1601 βοός.

445 1666 554 1734 Prom.
587 1669 654 1735 820
686 1677 740 1744 τῆς
771 1665 965 1749 πολυφθόρου
996 1665 1115 1762 πλοόννρς
1140 1667 1312 1753 „multum
1335 1674 1471 1736 vexatus
1480 1667 1507 1750 ,”

405 1810 549 1894 „multas
594 1815 728 1897 strages
771 1811 918 1878 hebens''
959 1810 1001 1877 cf.
1045 1834 1093 1878 vs.
1137 1811 1203 1877 633
1248 1810 1344 1886 αὐτῆς
1377 1808 1509 1886 λεροόσνς

400 1950 460 2024 τόος
482 1950 694 2034 πολυφθόρους
716 1953 830 2033 τύχας.
944 2046 947 2054 Ι

445 2095 553 2162 Prom.
576 2096 642 2163 838
665 2093 957 2173 παλιμπλάγκτοισι
980 2092 1116 2178 δρόμοις,
1145 2098 1264 2179 „retro
1287 2095 1436 2164 errens”.

493 2289 507 2321 „
579 2238 645 2304 900
674 2235 857 2309 δυσπλοόνοις
886 2237 985 2318 Ἥρας
1015 2235 1194 2319 ἀλατείαις,
1226 2236 1350 2305 collato
1374 2259 1445 2305 cum
1465 2260 1509 2304 ve.

401 2379 467 2446 608
488 2378 650 2460 δυσπλοόνῳ
673 2376 823 2460 παρθένῳ.
857 2417 897 2427 --

443 2521 553 2589 Prom.
577 2522 642 2588 531
666 2519 754 2595 θεοὺς
776 2520 870 2595 όσόαις
892 2519 1008 2594 θοίναις
1030 2519 1265 2598 ποτινισσομένα
1288 2519 1452 2602 βουφόνοις.

444 2663 497 2748 Ie,
541 2665 599 2755 qui
641 2649 758 2752 epulas
795 2663 945 2731 celebrat
991 2661 1136 2744 βουφόνος
1172 2668 1243 2748 est,
1283 2664 1403 2748 „boves
1435 2662 1510 2731 occi·

400 2805 520 2890 denS‚’'
560 2807 590 2893 ²)
636 2806 678 2874 cf.
724 2807 846 2874 Bacch.
890 2807 956 2872 384
995 2804 1183 2886 κισσοφόροις
1217 2806 1248 2869 ἐν
1279 2803 1425 2889 θαλίαις,
1457 2803 1509 2871 ubi

399 2947 557 3016 similiter
598 2947 772 3036 epitheton
812 2947 994 3015 traiectum
1034 2950 1089 3015 est
1124 2948 1166 3015 ab
1200 2946 1262 3028 iis,
1309 2948 1368 3036 qui
1402 2946 1511 3036 epulas

398 3091 581 3186 celebrant.

443 3233 535 3322 Sept.
561 3234 624 3300 179
648 3230 822 3314 φιλοθύτων
845 3230 953 3306 πόλεος
976 3231 1078 3314 όργίοον
1100 3232 1263 3313 μνήστορες
1287 3230 1358 3296 ἕστε
1380 3255 1449 3316 μοι,
1471 3231 1511 3296 ab

397 3373 456 3459 iis,
492 3374 550 3476 qui
583 3375 625 3438 τόο
659 3373 762 3460 όρνια,
806 3398 903 3443 sacra
935 3375 972 3440 in
1004 3375 1162 3442 honorem
1195 3375 1323 3442 Bacchi
1358 3373 1411 3462 (cf.
1435 3373 1511 3441 Eur.

397 3514 519 3584 Bacch.
555 3519 615 3600 34,
651 3518 703 3602 79,
744 3519 821 3599 262,
854 3519 931 3602 470,
970 3518 1047 3595 471,
1081 3519 1157 3600 476,
1193 3518 1270 3602 482,
1309 3518 1383 3601 996,
1417 3513 1510 3600 1079)

397 3663 515 3746 agunt.

440 3801 580 3870 Eumen.
604 3802 669 3870 283
691 3800 864 3884 καθαρμοῖς
892 3799 997 3877 ἦλοὶθν
1028 3800 1239 3898 χοιροροτόνοις,
1275 3823 1418 3890 „porcos
1442 3819 1511 3867 eae·

405 4087 627 4098 ———

441 4264 469 4345 ¹)
489 4267 563 4327 Male
582 4268 633 4326 hoc
652 4267 772 4327 Dindcrf
788 4267 884 4326 vertit:
907 4267 959 4325 «in
977 4266 1142 4341 longinquos
1161 4282 1265 4326 errores
1284 4266 1452 4326 abducens.»

427 4375 468 4448 ¹²)
489 4374 609 4434 Dindcrf
625 4375 834 4450 interpretatur:
858 4375 963 4434 «boum
983 4372 1132 4433 occisorum
1156 4373 1332 4433 sacrificiis.»

1603 1159 1607 1232 1
