3296 5342
678 623 719 690 91

138 813 341 898 διδυμονορέοι
368 817 450 883 κοικόο
474 818 628 900 κότοφόνκ
656 818 686 905 ¹)
710 819 1002 908 interpretantur:
1030 819 1264 904 „calamitates

141 958 283 1026 duorum
306 961 456 1029 virorum
480 984 516 1028 se
538 962 649 1050 ipsum
670 961 979 1051 interficientium.”

186 1125 215 1178 μ
228 1101 239 1164 ι’
248 1125 268 1166 οι
279 1126 298 1165 ο
310 1126 336 1180 μ
349 1126 371 1168 οι
404 1103 614 1191 „piaculum”
638 1104 680 1171 de
701 1103 960 1192 Clytaemestra
978 1104 1109 1192 legitur
1127 1104 1265 1172 notione

138 1243 284 1314 hominis
308 1245 461 1313 scelesti:

188 1385 333 1476 Choeph.
359 1389 446 1454 1028
480 1386 677 1470 τκτροκτόνον
700 1389 830 1468 μόοιτμοο
852 1389 904 1454 κν1
927 1388 1005 1454 θεῶν
1029 1388 1150 1467 στύγος.

188 1527 276 1596 Item
310 1529 352 1597 de
376 1531 513 1599 Oreste:
548 1533 689 1599 Eumen.
715 1533 779 1599 169
811 1531 941 1614 ἐφεστίῳ
972 1531 1133 1612 μιοότμκτι
1164 1533 1266 1614 μυχόν

142 1669 291 1750 ἔχρννοις,
320 1673 479 1755 „homine
503 1674 647 1741 scelesto
670 1674 915 1744 maculavisti”
949 1675 1042 1761 (sunt
1071 1677 1178 1744 verba
1201 1675 1268 1742 Fu·

142 1812 271 1881 riarum
304 1815 349 1883 ad
383 1815 602 1903 Apollinem).
637 1816 705 1884 Sed
740 1817 781 1884 de
812 1818 953 1885 Eumen.
983 1819 1047 1885 281
1072 1816 1266 1899 μητροκτόνον

142 1955 272 2035 μόοοομοο
296 1958 375 2028 vide
398 1983 455 2048 pg.
481 1961 556 2026 101.

191 2099 299 2178 στόνος
345 2107 499 2170 oonereto
523 2126 624 2170 sensu
648 2102 790 2171 hominis
814 2103 922 2171 odiosi
947 2103 1051 2171 etiam
1075 2103 1268 2172 invenitur:

193 2242 283 2333 Sept.
308 2246 373 2312 653
396 2239 417 2307 ὦ
440 2242 593 2322 θεομανές
619 2244 648 2332 ²)
672 2269 708 2310 τε
729 2244 781 2309 sal
804 2242 883 2309 θεῶν
905 2245 993 2324 μέγοο
1015 2245 1135 2324 οτόγος.

193 2384 242 2462 βό
252 2410 403 2464 οκημοο
444 2387 580 2475 proprie
625 2388 850 2475 „pabulum'’,
889 2387 1189 2472 „nutrimentum”
1229 2385 1270 2471 ³),

150 2533 302 2596 oonoreto
326 2551 426 2595 sensu
449 2528 538 2611 eius,
563 2527 622 2615 qui
644 2529 814 2616 pasoitur,
840 2534 969 2598 exstat:

193 2669 333 2737 Eumen.
358 2671 423 2736 302
447 2669 617 2746 οὶνκόμκτον
641 2669 813 2748 fideremus.
827 2673 869 2740 de
893 2673 1026 2740 Oreste.

194 2811 400 2893 χεόρονμοι
434 2810 557 2899 Agam.
585 2815 670 2881 1326
706 2813 810 2888 δούλης
833 2812 999 2890 θκνοότης,
1035 2815 1181 2894 εὐμκροῦς
1205 2836 1272 2894 χει-

153 2952 304 3031 ρώματος,
328 2956 370 3022 de
393 2977 450 3038 ea,
475 2978 562 3045 quae
585 2956 687 3025 facile
711 2956 855 3045 opprimi
876 2961 999 3045 potest.

196 3098 247 3164 De
271 3097 364 3186 Sept.
389 3098 475 3164 1022
498 3097 667 3179 τνμβοχόοι
691 3099 875 3180 χειρώματος
899 3099 940 3165 of.
964 3121 1019 3186 pg.
1044 3100 1098 3165 47.

198 3247 328 3316 μῆνις
362 3247 517 3307 concreto
541 3264 642 3309 sensu
666 3242 924 3329 Clytaemestra
954 3240 1096 3307 dieitur:

198 3380 401 3468 Agam.155
424 3382 531 3461 μίμνει
555 3382 701 3462 οἰκονόμος
723 3382 811 3448 iolla
832 3381 960 3459 μνοόμων
977 3390 1065 3459 μῆνις
1083 3379 1276 3454 τεκνόποινος.
1297 3412 1306 3430 ·

199 3525 301 3591 Aliae
335 3548 433 3592 voees
468 3549 509 3592 ex
543 3528 718 3594 abstracta
752 3527 888 3594 notione
918 3529 1074 3592 concreto
1099 3545 1200 3590 sensu
1223 3522 1277 3590 ad·

158 3663 332 3752 hibentur,
357 3679 393 3734 et
416 3668 552 3757 quidem
575 3668 750 3736 collectivo
775 3691 892 3750 sensu,
918 3666 1033 3734 velut:

201 3856 227 3930 ¹)
256 3856 312 3914 Pro
337 3863 467 3926 αὐτοφόνα
490 3875 545 3916 van
568 3856 733 3916 Heruerdsn
754 3855 988 3916 ‹Emendationos
1008 3850 1195 3929 Aeschyleae’¹
1217 3853 1280 3912 eoll.

160 3980 199 4022 vs.
219 3965 278 4024 893
298 3968 435 4033 ἀντιφόνων
452 3969 567 4020 θανάτοιν
589 3968 618 4023 et
642 3964 700 4022 933
719 3967 951 4031 ὖτόἰκλοιλοφόνοις
968 3968 1065 4030 χερσίν,
1082 3964 1204 4030 ἀντιφόνκ
1221 3975 1280 4036 pro

159 4071 250 4146 ponit,
281 4071 368 4145 quod,
400 4075 431 4130 ut
460 4074 542 4146 putat
571 4071 614 4130 vir
639 4071 753 4144 doetus,
773 4070 863 4129 Sohol.
883 4069 1000 4127 fortasse
1021 4067 1106 4142 legit,
1126 4066 1280 4143 explicans:

158 4180 341 4241 ἅλληλοκτὸνον
364 4185 414 4248 γὰρ
431 4182 554 4246 ἰγίνοντο.
581 4179 633 4237 Sed
654 4178 689 4236 cf.
711 4183 822 4240 Meas-or
839 4180 993 4252 αὐτοκτόνος
1016 4191 1063 4248 pg.
1085 4174 1133 4232 51.

201 4285 229 4354 ²)
259 4285 302 4343 De
321 4285 386 4344 aliis
406 4286 490 4361 loeis,
511 4285 560 4343 ubi
579 4286 630 4343 hoo
650 4284 791 4358 epitheton
811 4283 928 4357 legitur,
952 4281 1014 4340 vide
1034 4297 1083 4355 pg.
1105 4278 1152 4338 70.

204 4389 233 4468 ⁸)
263 4391 299 4450 cf.
320 4391 414 4466 Suppl.
436 4391 495 4451 620
514 4393 647 4458 ἀμήχανον
664 4396 785 4458 βόσκημα
801 4395 922 4457 πημονῆς.
