3296 5342
912 614 954 679 92

409 808 430 871 ό
443 809 552 888 ρυγη
588 807 711 896 Agam.
743 809 786 874 47
816 803 993 889 σπρκσνῶπνν
1016 807 1149 888 οὶρογην,
1175 805 1262 894 quod
1284 803 1373 869 nihil
1398 802 1494 870 aliud

366 952 419 1016 est
441 949 507 1018 nisi
531 947 680 1031 υπραπνοό,
704 954 898 1031 στρατιῶται.

410 1091 424 1154 ε’
437 1115 462 1155 π
475 1114 512 1155 νκ
526 1115 538 1156 ο
551 1116 567 1156 υ
580 1116 594 1173 ρ
608 1091 619 1154 ν’
630 1116 651 1156 α
687 1091 803 1181 Suppl.
829 1094 892 1159 721
918 1093 960 1160 de
984 1092 1087 1181 copiis
1112 1091 1337 1159 auxiliaribus
1362 1087 1494 1176 (ε’πόκου·

366 1233 434 1316 μορε
459 1233 511 1298 καὶ
534 1232 641 1298 πόλλα
666 1240 760 1299 πλοῖα
785 1237 874 1299 πόοοα
897 1233 930 1300 θ’
955 1236 971 1309 η’
995 1233 1142 1316 ’πνκουρία
1165 1231 1345 1314 εὔπρεπτος.

408 1371 490 1452 ἥβη
524 1375 591 1463 ipsi
613 1375 754 1443 iuvenes
779 1377 1015 1465 appellantur:
1038 1377 1133 1443 Pera.
1156 1376 1221 1442 512
1246 1372 1399 1439 ποθοῦσαν
1420 1378 1492 1455 Φολ-

365 1513 460 1590 ποόπην
491 1514 566 1593 ἥβην
598 1515 722 1596 χθονός,
755 1519 837 1586 ibid.
860 1520 924 1585 733
948 1516 1012 1583 οἵαν
1035 1517 1082 1599 ἄρ’
1107 1517 1183 1595 ἥβην
1205 1515 1385 1596 ξυμμάχων
1409 1515 1492 1580 από-

364 1671 453 1740 λεσε,
490 1659 554 1725 923
589 1661 634 1737 γοῖ
667 1657 769 1738 αῐοόζεν
800 1659 857 1724 σόον
887 1660 1020 1738 ἐγγαίαν
1053 1658 1143 1738 ἥβαν.
1179 1659 1230 1726 Cf.
1257 1657 1397 1736 ὁμηλικίη
1430 1681 1491 1748 pro

365 1799 526 1876 ὁμήλικες,
569 1799 745 1880 συμμαχία
788 1825 848 1890 pro
891 1800 1073 1885 σύμμαχοι,
1109 1801 1270 1869 iuventus
1305 1825 1367 1889 pro
1398 1802 1489 1869 iuve-

363 1965 441 2026 που,
471 1944 608 2031 passim.
639 1944 757 2032 Eurip.
792 1945 909 2033 Suppl.
943 1946 1007 2012 175
1042 1943 1270 2026 πρεσβεύμαπα
1294 1944 1317 2010 i.
1341 1968 1372 2033 q.
1402 1943 1489 2025 πρέσ·

252 2165 255 2173 Ι
365 2083 440 2160 βεος.
476 2085 592 2153 Etiam
622 2087 776 2174 Xenoph.
808 2087 900 2154 Hell.
936 2088 969 2155 V
994 2113 1000 2154 :
1025 2089 1045 2154 2
1071 2113 1077 2154 :
1103 2090 1123 2154 9
1160 2085 1311 2164 καποόγενν
1334 2085 1489 2163 ἐβούλοντο

364 2226 416 2299 την
439 2226 551 2306 Φυγην.
574 2263 618 2276 -

407 2561 511 2651 Apud
545 2563 804 2653 Euripidem
838 2575 977 2654 praeter
1006 2567 1107 2634 Here.
1131 2567 1170 2632 F.
1197 2567 1260 2633 181
1284 2564 1486 2647 σεσρασκελὲς

363 2701 518 2785 ὕβρισμα,
542 2706 688 2792 legitur:

406 2849 530 2915 Phoen.
545 2849 642 2931 1492,
663 2850 721 2916 ubi
746 2849 921 2937 Antigone
945 2859 1152 2919 mortuorum
1175 2851 1324 2918 fratrum
1348 2871 1487 2938 corpora

363 2991 543 3075 comitans,
569 3014 605 3058 se
629 2991 703 3080 ipsa
725 2992 894 3060 nominat:
919 2991 1121 3070 αγεμόνευμα
1143 3000 1264 3073 νεκροῖσι
1289 2989 1486 3064 πολυστόνου,

362 3131 564 3211 ἁγεμόνευμα
588 3138 741 3201 concreto
766 3156 864 3201 sensu
883 3157 943 3221 pro
970 3134 1091 3211 ἡγέμον
1115 3133 1276 3201 adhibite.

406 3274 522 3363 Suppl.
553 3275 618 3341 134
653 3277 703 3339 οὐκ
735 3275 845 3352 ἐγγενῆ
869 3281 988 3355 συνῆψα
1011 3274 1132 3348 κηδείαν
1154 3273 1274 3352 δόμοις,
1298 3274 1358 3341 ubi
1382 3273 1486 3349 κηδεόα

319 3399 326 3414 ’
361 3439 421 3504 pro
453 3417 599 3492 κηδεστής
629 3423 834 3505 usurpatur,
870 3416 911 3484 ef.
947 3417 1057 3484 Orest.
1083 3419 1148 3484 977
1181 3417 1241 3482 ubi
1263 3416 1403 3494 κη’δευμα
1426 3439 1485 3505 pro

362 3561 525 3637 κηδεστήςε
548 3555 569 3624 ὦ
593 3566 686 3641 χαῖρε
712 3558 765 3624 καὶ
787 3557 823 3622 σὺ
847 3559 1022 3633 Μενέλεως,
1045 3559 1170 3636 κήδευμ’
1194 3558 1276 3636 ἐμόν.

405 3702 468 3769 Ion
504 3703 568 3769 112
611 3697 632 3765 ὦ
667 3699 817 3777 νεηθαλὲς
859 3696 880 3764 ὦ
922 3700 1085 3766 κόλλνσπον
1115 3701 1317 3782 προπόλευμα
1351 3700 1485 3782 δόφνας,

360 3842 513 3925 ἃσαίρενς
532 3845 571 3931 1),
595 3844 684 3934 quod
707 3845 835 3912 dietum
858 3866 930 3911 esse
953 3849 1035 3932 puto
1058 3865 1137 3932 pro:
1160 3838 1181 3906 ὦ
1204 3841 1354 3918 νεηθαλὲς
1373 3841 1485 3925 πρόπο·

360 4000 397 4051 λε
438 3984 557 4067 δόΦνη,
602 3984 801 4068 προπόλευμα
847 3986 1129 4071 „ministerium”
1180 3990 1334 4053 concreto
1385 4009 1484 4054 sensu

402 4372 429 4444 ¹)
460 4371 597 4430 thmheld
620 4371 671 4429 hoe
692 4369 784 4428 minus
804 4373 877 4428 reete
897 4370 970 4429 inter
989 4369 1159 4429 traiectionis
1180 4371 1304 4445 exempla
1322 4371 1413 4432 habet.
