3296 5342
662 625 704 690 77

173 814 224 882 Sic
255 816 384 885 habent
418 841 531 886 omnes
566 819 664 897 libri,
698 820 765 887 nisi
801 821 889 909 quod
923 823 1128 926 recentiores
1164 825 1247 905 οὶρπι-

131 956 259 1038 βρεΦεΐρ.
301 961 339 1029 Si
374 983 457 1030 vera
492 969 545 1030 est
578 963 680 1030 lectio
719 964 931 1044 ἀρτιτρεφεῖς,
976 966 1080 1032 verba
1121 989 1246 1054 magna

131 1101 264 1168 audacia
286 1101 381 1169 diota
404 1112 483 1170 sunt
511 1127 572 1192 pro
596 1103 726 1185 βλαχαὶ
748 1110 805 1169 τῶν
829 1106 1035 1183 οιίματοὲνπων
1057 1108 1247 1189 όρτιπρεΦῶν

130 1241 351 1318 ἐπιμαστιδίων.
398 1245 547 1314 Dindorf
589 1248 676 1330 edit,
712 1248 800 1335 quod
834 1249 958 1316 Sohiitz
993 1253 1168 1338 proposuit
1203 1275 1245 1319 ex

130 1385 318 1468 ἀρτιβρεφεῖς
353 1394 483 1470 ortum,
519 1389 588 1472 οϊρτι
623 1389 744 1472 βρεφῶν
768 1415 842 1456 oum
867 1391 1089 1469 ἐπιμαστιδίων
1113 1394 1243 1460 coniun-

129 1530 274 1614 gendam,
310 1531 351 1597 of.
387 1532 462 1620 Iph.
495 1532 534 1600 T.
571 1534 635 1599 231
671 1532 888 1610 ἐπιμαστίδιον
912 1533 1038 1615 βρέφος.
1064 1536 1132 1603 Sed
1158 1537 1244 1625 „qui

130 1694 248 1739 omnem
293 1674 452 1742 dictionis
498 1675 673 1742 audaciam
718 1698 891 1742 removere
925 1677 1102 1760 volebant,
1139 1677 1243 1745 etiam

129 1812 326 1890 αἱμαποένπων
349 1816 497 1883 seribere
522 1816 728 1901 debebant’'‚
752 1817 845 1885 Weil
871 1818 945 1884 iure
970 1818 1063 1885 dicit.

168 1957 327 2046 Epitheta
368 1962 410 2026 ab
452 1960 641 2028 infantibus
680 1960 725 2026 ad
759 1983 872 2026 eorum
908 1961 1061 2046 vagitum
1094 1962 1243 2030 traiecta

128 2106 215 2184 sunt,
248 2124 347 2190 quam
382 2103 700 2190 interpretationem
731 2110 846 2169 cetera
876 2103 1030 2190 exempla
1064 2104 1167 2189 satis,
1202 2109 1246 2171 ut

128 2241 251 2328 opinor,
276 2252 428 2311 tuentur.

168 2384 255 2474 sept.
277 2388 345 2453 916
376 2386 502 2469 δαϊκτὴρ
524 2365 610 2465 μόός,
635 2385 826 2459 αὐτοστόνος,
851 2385 1047 2462 αὐτοπήμων,
1072 2387 1242 2510 δαϊόφρων,

127 2526 155 2588 οὐ
173 2526 358 2607 φιλονυθός,
377 2527 495 2606 ἐτύμως
519 2529 702 2609 δακρυχέων.
732 2530 783 2594 De
807 2529 869 2595 hoo
890 2528 961 2595 loeo
986 2529 1028 2595 of.
1054 2529 1151 2616 Frey
1174 2531 1197 2596 l.
1212 2554 1237 2597 o.

127 2691 177 2754 pg.
201 2672 258 2754 62,
293 2671 352 2737 ubi
387 2672 472 2739 dicit
503 2672 656 2760 epitheta
677 2670 801 2751 δαϊκτήρ
827 2669 859 2746 (i,
885 2692 912 2737 e.
938 2670 1110 2754 lacerans,
1135 2671 1241 2737 inter·

27 2841 28 2844 ¹
127 2809 254 2899 ficiens),
299 2812 448 2894 δαϊόφρων
485 2813 643 2900 (hostilia)
684 2815 725 2879 ab
759 2812 890 2879 obiecto
926 2813 996 2879 soil.
1031 2814 1158 2880 fratres
1195 2814 1239 2880 ad

27 2953 28 3042 J
126 2975 201 3040 quos
230 2958 368 3045 querela
398 2961 546 3045 spectat,
580 2957 732 3044 epitheta
756 2960 869 3022 autem
892 2954 1082 3028 αὐτοστόνος,
1107 2956 1242 3030 αὐτοπή·

27 3061 28 3114 ί
126 3118 198 3182 μων,
244 3097 437 3180 Φιλομαὸής,
484 3099 659 3181 δακρυχέων
697 3098 746 3184 1),
788 3122 809 3165 a
849 3098 998 3164 subiecto
1033 3098 1055 3162 i.
1091 3121 1119 3166 e.
1154 3097 1240 3186 ipsis

27 3255 28 3276 ί
124 3235 382 3308 lamentantibus
406 3242 613 3328 virginibus,
641 3240 789 3307 traiecta
812 3262 895 3306 esse.

163 3521 262 3612 Apud
285 3526 561 3614 Euripidem:

163 3656 275 3746 Suppl.
300 3660 365 3724 773
389 3658 516 3736 μολπόις
540 3656 638 3739 ἐκχέω
662 3655 859 3739 δακρυρρόους.
885 3656 1015 3723 Cantus
1037 3656 1109 3743 ipse
1133 3655 1234 3722 lacri-

122 3819 188 3864 mae
223 3799 356 3866 stillare
391 3801 533 3884 dieitur,
576 3800 725 3888 epitheto
761 3823 781 3866 a
814 3821 973 3887 persona,
1006 3798 1065 3888 qui
1100 3802 1235 3882 cantat,

123 3941 271 4009 traiecto.

164 4083 286 4150 Mirum
308 4085 495 4172 exemplum
517 4084 695 4152 habemus:

164 4379 190 4452 ¹)
210 4379 246 4438 of.
266 4380 342 4438 Pers.
364 4377 439 4456 939,
460 4380 520 4438 948
541 4396 625 4454 supra
644 4383 672 4438 et
692 4379 810 4453 choeph.
832 4378 891 4438 449
911 4380 1067 4447 ποιόδιιροι
1083 4382 1151 4445 ροον.
