3296 5342
579 1593 782 1668 OAPUT
819 1595 848 1670 1.

198 1931 387 2016 Quaerenti
424 1932 467 1999 de
508 1955 572 1998 usu
613 1929 840 2020 epithetorum
880 1933 1136 2020 compositorum
1181 1933 1271 2021 apud

150 2075 300 2161 tragicos
331 2073 494 2142 miraculo
518 2075 605 2142 solet
628 2097 717 2157 esse,
745 2097 847 2164 quam
868 2075 977 2142 libera
993 2055 1167 2165 ‘iidemque
1197 2099 1271 2164 per·

151 2217 338 2286 tectissima
371 2221 448 2285 arte
479 2217 564 2284 haec
595 2217 828 2301 adhibuerint,
859 2221 900 2284 ut
929 2218 1082 2286 breviter
1112 2218 1270 2287 concinne

153 2362 330 2448 eleganter
359 2366 533 2449 tamquam
559 2360 594 2426 in
625 2359 761 2447 pictura
788 2383 849 2448 pro
878 2360 978 2428 nudis
1005 2383 1125 2448 prosae
1148 2361 1270 2428 oratio·

152 2506 206 2573 nis
239 2504 435 2572 notionibus
468 2506 693 2592 proponerent
732 2503 902 2570 mentibus
932 2502 1117 2592 animisque
1144 2502 1271 2571 nostris

152 2647 411 2716 florentissimas
447 2667 583 2734 poeseos
616 2644 792 2731 imagines.
826 2644 894 2712 Sed
931 2645 1006 2734 ipsa
1035 2645 1098 2712 illa
1126 2645 1270 2712 libertas

152 2790 291 2880 propius
320 2788 532 2856 intuentibus
563 2810 630 2854 non
652 2810 777 2875 paucas
805 2787 1028 2856 difficultates
1050 2789 1157 2877 parit,
1183 2789 1213 2856 si
1235 2787 1272 2856 id

153 2933 286 3020 agimus
319 2937 360 2997 ut
401 2930 484 2997 data
525 2929 658 2997 ratione
695 2929 930 2998 diversitatem
973 2930 1097 3017 poetici
1136 2930 1271 3016 generis

153 3073 289 3142 dicendi
337 3072 506 3161 explicare
551 3071 688 3160 eiusque
740 3070 917 3138 audaciam
963 3072 1132 3161 aliquibus
1178 3081 1271 3140 certe

142 3215 308 3284 terminis
332 3214 474 3281 definire
498 3214 702 3282 studeamus.

196 3359 236 3423 In
271 3377 436 3423 summam
467 3359 581 3423 autem
610 3377 648 3423 eo
672 3361 846 3443 spectatur
868 3355 954 3443 quod
978 3355 1173 3443 saepissime
1197 3379 1272 3423 cum

152 3497 380 3568 substantivis
414 3497 603 3564 nominibus
637 3498 728 3585 apud
760 3497 908 3584 tragicos
942 3497 1131 3584 iunguntur
1163 3498 1272 3566 adiec-

151 3641 245 3724 tiva,
276 3662 362 3728 quae
394 3639 500 3728 primo
531 3640 653 3706 obtutu
681 3640 726 3707 ad
748 3663 862 3708 eorum
885 3641 1089 3708 sententiam
1111 3640 1272 3708 definien-

154 3781 231 3849 dam
276 3780 559 3848 illustrandamve
603 3781 776 3870 pertinere
819 3782 906 3848 nihil
947 3782 1138 3850 videantur.
1174 3783 1270 3850 Unde

154 3923 259 3991 etiam
293 3921 566 3989 Hermannus
601 3924 644 3989 ad
683 3924 783 4008 Vipor.
818 3903 960 4011 pgssssee
992 3923 1094 3992 dicit:
1122 3924 1270 4010 „Poetae

156 4062 297 4147 Graeci,
330 4064 541 4152 maximeque
575 4065 715 4152 tragici,
750 4066 836 4134 satis
860 4067 1039 4152 habentes,
1066 4066 1095 4133 si
1117 4067 1270 4134 notiones

156 4228 286 4288 omnes,
310 4204 432 4293 quibus
455 4228 536 4292 opus
560 4211 629 4290 est,
657 4207 862 4289 afferantur,
898 4230 996 4296 saepe
1024 4207 1109 4274 nihil
1132 4213 1269 4290 curant,

156 4353 271 4415 utrum
307 4346 355 4414 sic
384 4347 591 4434 iungantur,
622 4354 663 4415 ut
696 4372 760 4436 par
793 4354 862 4432 est,
897 4372 940 4415 an
968 4371 1105 4436 prorsus
1137 4348 1270 4416 confun-
