3296 5342
662 667 705 732 75

174 862 203 928 11.
246 859 480 927 Traiectio
511 861 560 927 sb
584 859 834 927 hominibus
859 860 909 926 ed
932 881 1074 926 eorum
1096 878 1249 926 vocem.

174 1143 245 1210 Vox
286 1142 434 1210 humane
477 1151 511 1209 et
553 1143 717 1211 vocabula
758 1143 837 1211 huie
878 1146 1039 1230 cognata,
1081 1141 1251 1209 instructa

133 1284 290 1373 epithetis
314 1284 505 1352 hominibus
524 1285 680 1373 propriis,
706 1285 804 1374 quasi
826 1308 990 1373 personae
1010 1285 1251 1370 3136533133-

130 1431 195 1494 tur.
218 1427 256 1495 Si
278 1427 434 1516 epitheta
456 1436 537 1494 sunt
561 1427 759 1515 composita,
778 1452 846 1496 non
864 1451 942 1495 raro
961 1428 1114 1495 videmus
1134 1428 1251 1494 horum

131 1570 345 1658 posteriorem
375 1575 508 1658 partem
540 1571 680 1638 eandem
711 1571 784 1637 fere
812 1571 937 1638 habere
968 1571 1251 1656 significationem

132 1715 228 1800 atque
259 1712 492 1793 substantive,
526 1736 611 1802 quae
636 1713 799 1800 epithetis
822 1713 893 1780 illis
916 1717 1089 1780 ornentur.
1113 1713 1249 1800 Legun-

25 1839 26 1922 ἶ
130 1857 186 1920 'cur
206 1859 337 1922 autem:

174 1995 274 2085 Apud
296 1998 590 2084 Aeschylum:

172 2139 263 2207 Pers
287 2142 353 2207 575
377 2145 455 2203 πεῖνε
476 2140 510 2203 δὲ
534 2139 723 2217 δυσβάυκτον
746 2140 853 2217 βοοῖπιν
876 2138 981 2204 οιύδήν.

173 2281 279 2348 Prom.
305 2283 370 2348 173
393 2281 616 2359 μελιγλώσσοις
640 2280 765 2355 πειθοῦς
790 2283 993 2355 ἐποιοιδοιῑσιν,
1007 2283 1104 2350 dulce
1116 2283 1250 2372 loquen-

25 2483 26 2520 ἦ
131 2430 181 2489 tes
203 2423 462 2491 incantationes,

172 2565 263 2634 Pers.
289 2567 356 2634 940
379 2567 467 2641 οοίοινή
491 2566 657 2647 πήνδυρπον
679 2564 819 2645 δυσθρόου
846 2565 951 2630 οὐδήν.

218 2761 232 2793 ‚,
292 2711 358 2777 935
382 2707 599 2791 πρόςφθογμον
628 2708 714 2786 βοήν.

173 2851 312 2919 Eumen.
339 2853 404 2920 380
427 2854 561 2917 οὐδῖιποιι
587 2809 896 2933 πολύστονοςιφοέπις.

173 2992 294 3080 Agam.
321 2997 364 3061 57
387 2996 453 3071 νόον
477 2993 606 3072 ὀξύβοοιν
630 2996 671 3062 cf.
697 2996 760 3062 711
786 2993 967 3077 πολύθρηνον
989 2993 1088 3073 ὕμνον.

174 3137 264 3226 Sept.
292 3138 378 3204 1023
402 3135 563 3215 ὀξύμολποι
586 3138 785 3216 οἶμιήγμοιποο.
810 3178 852 3184 -

173 3278 275 3367 Apud
310 3279 614 3367 Euripidem:

173 3423 300 3491 Heeub.
347 3424 411 3490 661
458 3422 670 3500 κοικονλῶσσου
711 3418 801 3505 βοής,
845 3423 968 3491 Trosd.
1006 3423 1070 3489 127
1104 3421 1250 3504 συρίγγων

132 3562 296 3646 εὐφθόμγῳ
329 3568 434 3648 pesp,
469 3565 593 3632 Phoen.
631 3567 717 3632 1224
752 3564 921 3642 εὖοινγὲλου
956 3563 1074 3645 Φήμης,
1109 3565 1184 3652 Iph.
1209 3564 1249 3630 Τ.

134 3707 193 3773 143
226 3704 437 3788 δυσθρηνήτοις
470 3705 601 3788 θρήνοις,
636 3709 723 3797 quod
758 3708 861 3775 aliter
891 3707 1019 3774 dietum
1043 3714 1095 3774 est
1119 3730 1158 3773 ae
1181 3706 1251 3771 οιΞδν

133 3847 272 3924 δυσαίων,
297 3848 467 3927 δυσδαίμων
489 3849 623 3928 δοιίμων,
647 3850 788 3935 similia,
821 3850 862 3916 de
886 3850 1007 3938 quibus
1030 3849 1109 3917 vide
1134 3874 1187 3938 pg.
1212 3852 1250 3932 5;

132 3990 184 4057 hie
217 3992 306 4058 enim
340 3993 523 4059 seeundum
545 3994 729 4058 membrum
752 3991 926 4061 verbalem
947 3991 1050 4059 hebet
1073 3998 1249 4074 naturum,

133 4131 173 4198 ef.
195 4132 323 4201 Hecub.
348 4133 413 4199 212
436 4132 531 4196 κλοοίω
555 4132 732 4214 ποινδύρποις
754 4131 879 4214 θρήνοις.
899 4171 942 4180 -

174 4274 247 4364 Iph.
284 4277 325 4343 Τ.
362 4277 426 4343 178
461 4275 677 4356 ἀντιψάλμους
699 4274 794 4356 ᾤδοις,
827 4275 915 4342 Med.
949 4275 1034 4342 1176
1065 4273 1251 4351 ἀντίμολπον

132 4416 266 4483 κωκνπήν.
