3296 5342
144 862 272 932 classes
295 863 505 949 dividerent,
529 864 683 955 quamvis
706 864 841 953 saepius
865 864 1007 932 meliora
1030 865 1197 932 dederint.

190 1005 249 1076 Sic
282 1007 480 1076 Schmidt
512 1031 568 1097 pg.
603 1008 664 1092 22,
700 1009 743 1075 23
783 1008 855 1076 tria
894 1029 1019 1095 genera
1054 1005 1266 1076 traiectionis

144 1149 294 1239 epitheti
315 1149 517 1237 distinguit:

191 1294 222 1360 1.
258 1292 301 1359 In
323 1291 580 1381 periphrasticis
603 1292 953 1361 circmnlocutionihus
976 1292 1073 1360 velut
1091 1291 1201 1360 Prom.
1223 1293 1265 1360 91

257 1435 307 1499 τὸν
330 1433 486 1511 πανόπτην
508 1434 614 1501 κύκλον
636 1433 729 1511 ἡλίου.

191 1579 223 1644 2.
258 1576 388 1645 Nomen
409 1577 559 1668 pendens
583 1601 657 1647 cum
679 1579 812 1647 nomine
835 1580 925 1647 unde
947 1580 1073 1668 pendet
1092 1579 1137 1646 ad
1155 1579 1268 1647 unita·

258 1723 326 1786 tem
357 1720 505 1789 notionis
536 1720 713 1805 coalescit,
746 1721 842 1789 velut
864 1721 986 1808 Agam.
1012 1720 1076 1788 743
1100 1718 1267 1798 δηξίθυμον

260 1861 363 1944 ἔρωτος
386 1861 488 1937 ἄνθος.

191 2009 223 2075 3.
264 2006 413 2093 „Idcirco
430 2007 583 2097 epitheta
606 2031 673 2076 non
696 2008 766 2076 suis
789 2007 951 2076 videntur
973 2008 1146 2097 applicata
1168 2008 1269 2077 nomi·

259 2150 375 2236 nibus,
402 2150 566 2240 quodvis
591 2173 705 2218 eorum
727 2155 905 2240 tantopere
928 2152 1121 2242 praevalet,
1146 2155 1187 2220 ut
1208 2175 1269 2241 pro

259 2292 400 2362 licentia
421 2294 547 2381 tragici
570 2294 732 2362 sermonis
757 2317 833 2362 eum
857 2293 922 2363 sihi
943 2295 1050 2362 locum
1074 2295 1267 2384 deposcunt,

147 2497 154 2508 .
260 2436 347 2504 unde
371 2440 407 2504 et
429 2437 474 2505 ad
496 2459 616 2504 nomen
638 2459 761 2525 regens
784 2441 820 2504 et
842 2437 887 2505 ad
909 2437 1105 2525 genetivum
1116 2437 1269 2505 referan-

259 2580 348 2647 tur.’·’
372 2579 429 2647 Ad
451 2580 536 2647 haec
558 2580 662 2648 verba
683 2579 943 2669 interpretanda
968 2603 1058 2648 csse:
1082 2579 1181 2647 Eum.
1202 2581 1268 2647 718

259 2721 468 2802 πριιποκπόνοις
502 2729 705 2804 προστροπαῖς
738 2721 872 2801 Ἰξίονος,
906 2723 1030 2791 Phoen.
1066 2724 1153 2790 1062
1184 2717 1267 2801 αἷμα

259 2862 420 2944 λιθόβολον
442 2865 610 2948 δράκοντος.

193 3009 322 3078 Eadem
344 3033 472 3097 genera
494 3009 621 3078 statuit
643 3009 808 3078 Rdmheld
829 3033 885 3099 pg.
911 3010 992 3094 162,
1019 3010 1094 3077 163.

194 3152 292 3236 Quod
325 3152 455 3222 attinet
487 3152 531 3219 ad
563 3152 704 3221 tertium
739 3174 863 3239 genua,
889 3151 1041 3220 Schmidt
1062 3174 1170 3240 pauca
1193 3157 1269 3219 tan·

106 3305 109 3312 ’
148 3305 221 3366 tum
256 3295 411 3386 exempla
444 3295 540 3364 citat.
579 3294 766 3363 Praeterea
799 3316 864 3361 non
895 3294 995 3378 dicit,
1027 3317 1113 3386 quae
1138 3294 1185 3362 sit
1207 3293 1270 3361 illa

148 3441 289 3509 licentia
309 3439 520 3527 tragicorum
542 3441 735 3528 poetarum,
768 3459 873 3526 quare
904 3439 1008 3505 verbu
1032 3437 1103 3506 cius
1128 3435 1270 3525 explica·

148 3585 241 3654 tione
264 3588 377 3671 egent.
408 3581 534 3651 Utrum
556 3581 665 3668 igitur
687 3581 798 3647 omnia
820 3579 973 3669 exempla
995 3601 1080 3669 quae
1104 3579 1271 3647 Riimheld

150 3751 203 3816 pg.
227 3729 291 3796 167
315 3749 386 3817 sqq.
410 3724 512 3810 citat,
545 3725 642 3792 velut
671 3723 734 3790 Ion
765 3724 830 3790 112
853 3717 873 3786 ὦ
895 3719 1044 3797 νεηθαλὲς
1068 3721 1269 3803 προπόλευμα

149 3871 285 3952 δάφνης,
320 3871 349 3938 Ι.
383 3869 427 3938 Α.
463 3871 527 3938 771
559 3867 717 3950 δοριπόνοις
740 3866 849 3932 sionim
871 3865 923 3931 sal
946 3865 1082 3946 λόγχαις
1105 3867 1269 3946 Ἀχαιῶν,

150 4014 194 4083 Η.
224 4015 264 4082 F.
296 4015 363 4083 883
393 4010 658 4094 ἑκατογκεφάλοις
680 4009 776 4091 όφεοιν
799 4009 958 4089 ἰαχήμασι
981 4009 1025 4077 ad
1049 4008 1136 4076 hanc
1158 4008 1270 4097 legem

149 4155 466 4246 interpretationem
518 4155 721 4237 admittant,
775 4175 898 4238 necue,
951 4151 1072 4219 merito
1118 4150 1271 4218 dubitari

150 4307 274 4390 potest.

195 4441 399 4512 Dettweiler
432 4464 488 4531 pg.
519 4441 562 4508 16
591 4461 658 4506 non
689 4438 852 4508 discernit
880 4438 972 4506 inter
994 4437 1140 4526 primum
1161 4439 1199 4503 at
1221 4457 1271 4504 sc·
