3296 5342
675 627 718 692 65

123 819 303 908 epitheton
336 820 380 886 ad
410 819 625 887 collectivum
648 817 740 900 ὄχλον
762 820 931 908 pertinet:
969 817 1061 900 ὄχλον
1083 820 1252 887 t’tmm.
1302 809 1306 812 ’

123 972 223 1044 στῆρα
249 962 303 1028 καὶ
325 961 476 1043 δορυσσόον
499 961 623 1028 λεύσσω.

171 1096 327 1163 Eundem
361 1097 397 1163 in
430 1098 563 1164 modum
597 1093 696 1174 σοὶγοιι
730 1119 805 1163 oum
839 1096 1006 1184 epitheto,
1040 1099 1176 1188 proprie
1210 1101 1255 1170 de

123 1238 261 1307 homine
285 1239 430 1323 dietum,
455 1238 621 1306 occurrit:

171 1382 264 1470 Sept.
289 1381 354 1448 391
389 1381 503 1444 τοιαῦτ’
527 1378 625 1444 οὶλὺιον
647 1385 709 1452 τοῖς
731 1378 935 1461 ὑπερκόμποις
958 1378 1090 1460 πάγαις,
1124 1383 1249 1467 „iacta-

125 1522 299 1608 bundue''‚
343 1527 379 1590 et
416 1524 509 1590 Pers.
548 1524 616 1589 240
657 1521 740 1602 ἔγχη
782 1523 919 1588 σταδαῖα
959 1524 1012 1589 καὶ
1057 1524 1251 1606 φεράσπιδες

126 1664 236 1745 πάγαι.
259 1705 304 1716 -

171 1811 265 1878 Pers.
309 1811 375 1877 269
416 1808 459 1874 τοδ
501 1808 605 1873 πολλοὶ
645 1807 745 1885 βέλεα
783 1817 946 1887 παμμιγῆ.
984 1811 1064 1894 „Ex
1097 1813 1250 1880 omnibus

126 1952 282 2019 mixtus”
315 1952 485 2019 exercitus
520 1957 590 2034 est,
625 1950 766 2040 ideoque
797 1951 942 2035 milites,
971 1953 1030 2040 qui
1052 1955 1125 2020 tela
1155 1955 1250 2021 emit·

128 2101 222 2176 tunt,
255 2094 298 2161 cf.
333 2093 428 2159 Pers.
463 2093 506 2159 53
537 2089 720 2169 πάμμικτον
751 2088 862 2171 ὄχλον,
884 2093 944 2158 nbi
967 2093 1012 2160 ad
1034 2093 1249 2164 collectivum

128 2236 279 2323 pertinet
306 2234 491 2322 epitheton.

172 2378 265 2446 Pers.
302 2380 368 2446 239
403 2378 508 2460 aizel
543 2375 719 2454 τοξουλκός,
758 2399 898 2460 „eroum
933 2378 1111 2444 tendens”.
1143 2379 1250 2460 αἰχμή

129 2519 189 2586 hoo
210 2519 282 2587 looo
310 2521 489 2607 „sagitta”
512 2520 693 2606 significat.

173 2662 214 2728 of.
237 2662 326 2750 quod
360 2663 463 2728 etiam
497 2685 572 2729 eum
602 2661 803 2728 traiectione
834 2661 1053 2728 dictumest:
1084 2661 1179 2729 Pers.
1204 2665 1248 2731 55

131 2800 285 2878 τοξουλκδν
308 2811 415 2880 λῆμα,
439 2827 495 2892 pg.
521 2806 573 2870 79.

171 2945 264 3013 Pers.
301 2947 366 3012 320
399 2945 563 3011 πολύπονον
596 2943 679 3026 δορύ,
713 2945 802 3034 quod
836 2943 1010 3033 epitheton
1042 2968 1109 3012 non
1138 2946 1248 3014 inter-

130 3090 329 3176 pretandum
364 3094 417 3157 est
443 3091 592 3175 „multos
614 3089 748 3156 labores
772 3088 962 3172 excitans”‚
987 3088 1047 3156 sed
1080 3089 1247 3173 „laborio-

131 3233 221 3315 sns”,
245 3232 454 3300 translatum
477 3234 517 3301 de
545 3232 654 3300 milite
677 3232 820 3298 multum
843 3231 946 3299 haste
967 3231 1155 3299 laborante.

163 3516 274 3605 ‚Apud
297 3517 575 3605 Euripidem:

172 3659 295 3726 Troad.
330 3660 397 3726 574
429 3657 548 3730 σκύλοις
580 3660 699 3737 Φρυγῶν
727 3654 947 3738 δοριθηράτοις,
971 3658 1012 3724 of.
1035 3655 1245 3746 Aeschylum

130 3801 219 3890 Sept.
242 3803 319 3868 275.

170 3943 307 4011 Horacl.
342 3943 407 4009 819
451 3942 555 4016 ἐπειδὴ
598 3940 776 4021 μονομάχον
818 3940 857 4005 δι’
899 3937 1030 4012 ἀσπίδος
1065 3938 1246 4018 διαλλαγὰς

131 4083 258 4162 ἔγνωσαν
281 4086 312 4149 οὗ
334 4084 530 4161 τελουμένας.

171 4228 226 4295 Ab
250 4251 306 4312 eo,
341 4227 400 4316 qui
432 4234 579 4315 pugnat,
615 4225 660 4292 ad
692 4225 768 4314 ipsa
800 4245 911 4308 armo,
942 4223 1063 4312 quibus
1092 4226 1243 4310 pugnat,

132 4371 301 4458 epitheton
341 4367 521 4448 μονομαχος
565 4389 740 4456 „pugnem
774 4364 983 4452 singularem
1015 4363 1242 4536 suscipiens”,
