3296 5342
949 623 993 688 60

403 837 454 892 μοι
475 812 617 895 θοόζετε.
644 855 686 864 -
713 815 894 898 ποονκρότνς
921 841 1040 905 „snper
1063 819 1174 886 omnia
1197 820 1367 904 regnans'’
1391 820 1515 907 Iupiter

402 957 475 1044 ipse
505 962 567 1025 esi.

448 1099 588 1166 Eumen.
624 1100 667 1166 41
704 1101 756 1181 όρῶ
771 1152 777 1167 .
792 1150 822 1166 ..
857 1099 952 1182 όινδροι
975 1099 1111 1178 θεομυσῆ
1136 1100 1224 1183 όδροιν
1248 1101 1362 1182 ἔχοντα
1386 1103 1516 1184 προστρό-

403 1265 508 1316 ποιιον,
528 1242 650 1331 quibus
669 1243 706 1308 in
724 1245 840 1312 verbis
859 1243 1076 1325 προστρόπαιος
1100 1247 1295 1334 „supplex”
1321 1247 1515 1316 adientium

403 1390 457 1452 esi
480 1409 555 1451 oum
578 1409 659 1452 voce
683 1384 756 1467 ἕδροι
780 1388 1057 1474 coniungendum.

448 1528 563 1616 Suppl.
601 1530 666 1595 374
697 1530 942 1611 μονοσκήπτροισι
973 1530 1033 1594 δ’ἒν
1055 1529 1168 1612 θρόνοις
1190 1531 1280 1612 χρέος
1304 1534 1367 1596 πῖον
1389 1531 1515 1612 ε’πικροιό·

403 1692 471 1742 νεις.
506 1671 582 1737 Non
617 1671 707 1739 idem
742 1677 794 1738 est
828 1695 867 1740 ac
898 1672 1010 1754 θρόνοις
1041 1675 1259 1755 μονοσκήπτρον
1283 1674 1513 1760 (Deilweiler).
1611 1719 1612 1724 ο

402 1814 591 1903 Epitheton
625 1815 819 1901 significans
857 1818 975 1901 „solus
1006 1821 1176 1904 sceptrum
1206 1818 1369 1903 gerens‚”
1395 1822 1429 1884 el
1449 1840 1513 1904 pro·

402 1956 477 2044 prie
500 1957 575 2042 regi
599 1958 810 2041 conveniens,
836 1959 876 2025 of.
901 1960 1009 2028 Nonn.
1033 1960 1097 2026 Ev.
1122 1960 1238 2026 Ioann.
1266 1960 1317 2038 19,
1345 1961 1386 2025 12
1410 1958 1516 2023 Κοιόσιι-

403 2121 450 2178 ρος
484 2100 704 2181 μονοσκήπτρον
738 2100 903 2179 βοισιλῆος,
937 2101 996 2167 ubi
1029 2103 1176 2170 alterum
1207 2102 1395 2189 exemplum
1425 2100 1515 2166 huius
1612 2091 1613 2098 θ

403 2242 578 2329 compositi
613 2247 681 2328 est,
717 2245 772 2312 hic
800 2246 845 2312 ad
867 2246 992 2330 locum,
1016 2245 1075 2311 ubi
1099 2269 1160 2312 rex
1183 2251 1356 2328 versatur,
1381 2241 1516 2311 translu-

402 2388 477 2451 ium
512 2389 581 2469 esi,
616 2387 705 2475 quod
739 2411 776 2454 eo
811 2388 947 2454 facilius
978 2387 1053 2454 fieri
1082 2391 1213 2474 potest,
1245 2388 1402 2476 quoniam
1430 2383 1516 2467 θρόνοι

401 2529 585 2614 symbolice
629 2530 744 2596 eodem
784 2531 881 2596 modo
923 2533 1125 2618 usurpatur,
1169 2553 1234 2618 quo
1280 2553 1340 2595 nos
1385 2529 1515 2596 dicimus

406 2669 561 2752 πΚοοοιο,
598 2671 765 2758 Scepler”
800 2695 860 2759 pro
890 2694 989 2757 rege,
1024 2672 1078 2738 vel
1103 2674 1275 2759 polesiaie
1298 2671 1405 2758 regia.
1429 2669 1515 2736 Idem
1613 2679 1614 2696 ¹

400 2813 536 2880 dicendi
559 2837 666 2899 genus
691 2817 759 2898 esi,
784 2814 814 2880 si
836 2813 1027 2880 invenimus
1063 2813 1249 2895 „laurum”
1274 2836 1336 2900 pro
1362 2811 1514 2891 victoria,

403 2956 584 3039 „olivum”
608 2979 669 3044 pro
692 2979 791 3045 pace.
819 2956 984 3040 „fasces”
1008 2978 1069 3043 pro
1093 2955 1244 3038 consule,
1273 2956 1447 3038 „laedam”
1460 2975 1513 3042 pro

304 3163 306 3170 ι
400 3099 538 3187 nuptiis.
572 3098 769 3187 Comparari
803 3099 906 3166 eliam
941 3102 1069 3186 polest:
1099 3098 1174 3181 „Er
1198 3097 1312 3164 erhilt
1335 3097 1399 3164 den
1423 3095 1513 3162 Feld·

399 3241 601 3324 hernnsiab,
638 3242 702 3308 den
736 3239 1022 3308 Kardinalshul''.
1058 3237 1244 3306 Corneille:
1279 3237 1315 3303 A
1337 3238 1373 3305 la
1395 3237 1441 3303 fin
1458 3235 1515 3323 j'ai

398 3382 510 3470 quitto
533 3382 569 3449 la
592 3383 686 3449 Robe
709 3406 793 3470 pour
815 3383 942 3470 l'Epee.
973 3381 1001 3467 ¹)

444 3523 611 3591 Similiter
646 3524 686 3589 de
720 3523 880 3611 Apolline
914 3523 988 3611 Iph.
1026 3523 1065 3590 Τ.
1103 3524 1191 3590 1254
1220 3523 1250 3585 ἕν
1277 3522 1411 3601 ipsuis?
1428 3517 1512 3601 θρόνῳ

397 3666 548 3744 μοιντεόοις
572 3666 687 3748 βροτοῖς
710 3666 814 3744 νόμον.

397 3918 608 3929 0-—

440 4070 467 4142 1)
489 4069 602 4128 Gerbort
634 4069 701 4127 «die
731 4069 851 4142 Spraoho
880 4070 923 4127 als
953 4069 1069 4127 Konst»
1100 4069 1133 4125 II
1153 4085 1200 4142 pg.
1218 4068 1257 4125 59
1280 4068 1373 4126 «sato
1393 4067 1440 4125 des
1458 4064 1511 4122 Na·

396 4195 488 4248 mens,
519 4177 635 4236 welcher
665 4177 718 4235 den
746 4176 940 4236 wesontliohen
972 4176 1080 4249 Begriff
1104 4176 1271 4245 ausoniam,
1292 4175 1378 4233 findet
1398 4174 1455 4232 sich
1474 4171 1511 4230 olt

393 4287 437 4345 die
467 4285 583 4358 Angabe
613 4283 660 4342 dos
687 4289 821 4341 auszeren
840 4283 985 4354 Zoiohens,
1006 4283 1059 4340 mit
1079 4283 1209 4340 walchem
1229 4282 1304 4340 scine
1324 4280 1511 4350 Erscheinung

393 4392 542 4465 verknlipft
561 4392 607 4450 ist.
