3296 5342
969 651 1014 718 42

423 842 568 928 pendet,
612 844 656 911 sd
696 845 865 913 unitatem
906 845 1053 913 notionis
1096 845 1271 930 coalescit,
1314 844 1368 912 cui
1399 844 1528 927 notioni,

421 1006 525 1072 quem
547 1009 608 1055 nos
631 988 845 1056 substantivo
869 987 1049 1076 composito
1073 987 1254 1070 reddimus,
1276 987 1396 1054 deinde
1414 986 1530 1054 accedit

422 1127 615 1216 epitheton,
639 1131 727 1218 quod
749 1131 885 1219 proprie
908 1129 1090 1243 secunflum
1114 1152 1250 1197 sensum
1271 1129 1415 1215 logicum
1433 1126 1528 1213 mogi}

419 1271 582 1356 genetivo
622 1273 788 1341 convenit.
836 1272 1036 1360 Exemplum
1077 1270 1201 1339 talium
1241 1269 1444 1338 locutionum
1471 1269 1528 1333 iem

422 1409 601 1480 citavimus
623 1436 680 1501 pg.
702 1415 744 1480 18
768 1436 809 1480 ex
828 1413 950 1481 Helen.
971 1436 1020 1481 vs.
1037 1412 1124 1479 1502
1137 1411 1208 1478 scil.
1221 1408 1391 1490 κνονόχροο
1400 1406 1529 1488 κυμάτων

418 1550 519 1632 ,ithus
561 1555 716 1622 Eundem
758 1556 794 1622 in
835 1555 968 1622 modum
1011 1554 1186 1643 epitheton
1224 1553 1352 1621 nomini
1382 1550 1528 1641 primario

422 1696 579 1763 additum
601 1698 772 1765 videmus:

465 1838 568 1927 Apud
601 1839 891 1928 Aeschylum:

464 1981 573 2048 Prom.
598 1983 684 2050 1083
710 1981 809 2055 ἕλικες
834 1992 980 2065 στεροπῆς
1003 1981 1146 2065 ζοέοονροι,
1170 1977 1527 2068 ,bliksemschiohten''.

463 2123 587 2211 Agam.
611 2126 677 2192 219
702 2126 808 2207 Φρενος
832 2125 925 2190 πνέων
949 2125 1084 2202 δυσσεβῆ
1106 2124 1253 2207 τροπαίαν
1275 2124 1401 2200 ἄναγνον
1418 2120 1526 2202 οὶνίερον,
1603 2159 1604 2208 ,

421 2267 564 2348 ,mentis
617 2268 838 2335 mutationem
891 2267 1047 2355 impiam,
1100 2268 1278 2350 incestam,
1324 2261 1524 2354 profanam”,

422 2409 859 2496 ,gemoedsverandering’'.
903 2408 1036 2489 τροποίοο
1076 2431 1137 2496 per
1179 2406 1358 2486 μεταβολήν
1392 2404 1526 2494 explicat

416 2548 530 2616 Schcl.
550 2551 646 2617 Idem
666 2551 916 2618 substantivum
935 2551 1066 2638 legitur
1085 2550 1178 2638 Sept.
1200 2551 1275 2633 706,
1297 2547 1439 2636 Chceph.
1458 2545 1523 2612 775.

461 2689 585 2778 Agam.
620 2693 695 2760 274.
733 2691 843 2773 ὀνείρων
878 2690 1028 2773 φάσματ’
1062 2690 1192 2768 sinistri,
1227 2691 1428 2760 somniorum
1458 2689 1524 2758 visa

415 2834 623 2921 probabilia,
652 2835 1095 2924 ,droomvcrschijniogcn.'’

458 2975 582 3063 Agem.
606 2979 671 3044 743
701 2975 870 3055 inflictam
895 2975 997 3059 ἔρωτος
1027 2974 1137 3051 ἄνθος,
1161 2977 1341 3065 inquibus
1364 2975 1523 3065 epitheton

412 3119 521 3205 magis
575 3142 656 3187 sane
702 3120 746 3186 sd
792 3119 991 3205 genetivum
1037 3117 1140 3201 ἔρωτος
1184 3117 1356 3207 pertinet,
1402 3118 1522 3186 Helene

410 3264 573 3328 vocatur:
632 3261 717 3344 ,flos
764 3261 887 3328 amoris
934 3261 1082 3328 animum
1126 3260 1299 3344 mordens,
1352 3257 1519 3335 irritons'’,

414 3402 678 3485 ,liefdeblocm”.
708 3402 736 3490 ¹)

453 3671 480 3741 ¹)
501 3671 577 3728 csso,
602 3670 638 3728 od
667 3687 700 3728 eo
731 3670 882 3745 vocabule,
913 3669 1013 3742 quibus
1037 3669 1112 3728 inest
1138 3669 1212 3729 notio
1238 3669 1369 3746 florendi,
1397 3668 1520 3744 pertinet,
1603 3641 1604 3694 l

407 3794 479 3851 quae
509 3778 619 3852 saepius
647 3777 721 3854 apud
749 3778 933 3851 Aeschylum,
953 3793 1017 3836 roro
1036 3777 1110 3851 apud
1130 3778 1290 3851 Sophoclem
1309 3780 1337 3836 et
1356 3775 1521 3851 Euripidem,

407 3885 543 3943 translate
572 3885 605 3944 de
633 3885 791 3944 hominibus
818 3883 989 3943 adhibentur.
1020 3884 1096 3942 ἄνθος
1126 3884 1167 3943 sio
1194 3883 1278 3942 etiem
1296 3883 1414 3957 legitur:
1434 3877 1521 3955 Suppl.
1603 3879 1604 3954 ᾖ

408 3991 484 4066 663,
508 3991 601 4049 Prom.
622 3990 697 4062 420,
719 3990 796 4050 Pers.
818 3991 873 4065 59,
896 3990 969 4061 252,
990 3990 1058 4061 925,
1085 3991 1186 4064 Agom.
1206 3990 1272 4060 197,
1292 3989 1357 4055 'lewe
1377 4003 1520 4062 ‹germen›
1603 3989 1604 4048 l

407 4097 442 4157 de
460 4097 607 4172 Iphigenia
623 4098 723 4171 Agem.
745 4097 834 4168 1525,
856 4097 972 4157 Eumen.
994 4095 1050 4156 661
1073 4097 1252 4167 dellincrvs,
1265 4096 1324 4162 ῥίζα
1339 4096 1519 4170 deAgamem·

406 4221 477 4263 none
495 4206 596 4278 Agam.
619 4205 685 4275 166,
713 4208 793 4269 coro
815 4205 956 4278 «planta»
978 4203 1011 4262 de
1031 4202 1203 4262 Danaidibus
1219 4203 1316 4278 suppl.
1333 4201 1409 4273 281,
1429 4203 1519 4266 φίτυμα

406 4311 440 4370 de
470 4312 567 4370 Oreste
595 4311 696 4384 Agam.
731 4311 808 4370 1281
838 4316 1004 4376 μητροκτόνον
1028 4313 1146 4378 φίτνμοι,
1171 4311 1294 4375 ποινάτηρ
1318 4311 1420 4375 sanic.
1448 4310 1519 4361 θάλος
1603 4355 1604 4376 .

407 4435 544 4478 «ramus»
567 4419 599 4478 de
618 4419 759 4493 Antigone
776 4419 880 4477 Phoen.
892 4419 930 4478 88
951 4416 969 4469 ὦ
987 4419 1082 4469 κλεινὸν
1098 4416 1173 4476 οἴκοις
1190 4418 1330 4482 ,Ἀντιγόνη
1347 4419 1429 4476 θάλος
1444 4417 1518 4478 πατρί.
1603 4437 1604 4456 ι
