<?xml version="1.0" encoding="UTF-8"?>
<!DOCTYPE html PUBLIC "-//W3C//DTD XHTML 1.0 Transitional//EN"
    "http://www.w3.org/TR/xhtml1/DTD/xhtml1-transitional.dtd">
<html xmlns="http://www.w3.org/1999/xhtml" xml:lang="en" lang="en">
 <head>
  <title>
</title>
<meta http-equiv="Content-Type" content="text/html;charset=utf-8" />
  <meta name='ocr-system' content='tesseract 3.04.00' />
  <meta name='ocr-capabilities' content='ocr_page ocr_carea ocr_par ocr_line ocrx_word'/>
</head>
<body>
  <div class='ocr_page' id='page_1' title='image "./quaestionesdeep00anrogoog_0045.png"; bbox 0 0 3296 5342; ppageno 0'>
   <div class='ocr_carea' id='block_1_1' title="bbox 920 633 962 700">
    <p class='ocr_par' dir='ltr' id='par_1_1' title="bbox 920 633 962 700">
     <span class='ocr_line' id='line_1_1' title="bbox 920 633 962 700; baseline 0 0"><span class='ocrx_word' id='word_1_1' title='bbox 920 633 962 700; x_wconf 82' lang='lat'>32</span> 
     </span>
    </p>
   </div>
   <div class='ocr_carea' id='block_1_2' title="bbox 384 824 1510 1913">
    <p class='ocr_par' dir='ltr' id='par_1_2' title="bbox 384 824 1508 1180">
     <span class='ocr_line' id='line_1_2' title="bbox 384 824 1507 917; baseline 0 -25"><span class='ocrx_word' id='word_1_2' title='bbox 384 827 438 894; x_wconf 84' lang='lat' dir='ltr'>nis</span> <span class='ocrx_word' id='word_1_3' title='bbox 471 826 726 914; x_wconf 84' lang='lat' dir='ltr'>ingrediendam</span> <span class='ocrx_word' id='word_1_4' title='bbox 759 851 831 895; x_wconf 90' lang='lat' dir='ltr'>esse</span> <span class='ocrx_word' id='word_1_5' title='bbox 854 850 1050 917; x_wconf 86' lang='lat' dir='ltr'>persuasum</span> <span class='ocrx_word' id='word_1_6' title='bbox 1076 827 1158 893; x_wconf 91' lang='lat' dir='ltr'>mihi</span> <span class='ocrx_word' id='word_1_7' title='bbox 1182 829 1244 893; x_wconf 85' lang='lat' dir='ltr'>est.</span> <span class='ocrx_word' id='word_1_8' title='bbox 1281 824 1378 908; x_wconf 78' lang='lat' dir='ltr'>Quod</span> <span class='ocrx_word' id='word_1_9' title='bbox 1403 825 1507 892; x_wconf 83' lang='lat' dir='ltr'>etiam</span> 
     </span>
     <span class='ocr_line' id='line_1_3' title="bbox 385 969 1508 1059; baseline -0.001 -23"><span class='ocrx_word' id='word_1_10' title='bbox 385 970 558 1059; x_wconf 62' lang='lat' dir='ltr'>perspexit</span> <span class='ocrx_word' id='word_1_11' title='bbox 580 971 669 1037; x_wconf 85' lang='lat' dir='ltr'>Fre</span> <span class='ocrx_word' id='word_1_12' title='bbox 681 995 710 1058; x_wconf 83' lang='lat' dir='ltr'><strong>y</strong></span> <span class='ocrx_word' id='word_1_13' title='bbox 733 971 849 1038; x_wconf 79' lang='lat' dir='ltr'>Studio</span> <span class='ocrx_word' id='word_1_14' title='bbox 871 972 1044 1056; x_wconf 74' lang='lat' dir='ltr'>Aeschyleo</span> <span class='ocrx_word' id='word_1_15' title='bbox 1056 971 1122 1036; x_wconf 89' lang='grc' dir='ltr'>ΙΙΙ</span> <span class='ocrx_word' id='word_1_16' title='bbox 1144 969 1360 1054; x_wconf 77' lang='lat' dir='ltr'>„Traiectioo”</span> <span class='ocrx_word' id='word_1_17' title='bbox 1386 970 1508 1054; x_wconf 68' lang='grc' dir='ltr'>8οήαῇ-</span> 
     </span>
     <span class='ocr_line' id='line_1_4' title="bbox 384 1114 624 1180; baseline 0 0"><span class='ocrx_word' id='word_1_18' title='bbox 384 1115 503 1180; x_wconf 76' lang='lat' dir='ltr'>hausen</span> <span class='ocrx_word' id='word_1_19' title='bbox 527 1114 624 1180; x_wconf 82' lang='lat'>1875.</span> 
     </span>
    </p>

    <p class='ocr_par' dir='ltr' id='par_1_3' title="bbox 384 1253 1510 1913">
     <span class='ocr_line' id='line_1_5' title="bbox 428 1253 1507 1346; baseline -0.001 -24"><span class='ocrx_word' id='word_1_20' title='bbox 428 1255 494 1323; x_wconf 84' lang='lat' dir='ltr'>Hie</span> <span class='ocrx_word' id='word_1_21' title='bbox 523 1256 694 1346; x_wconf 83' lang='lat' dir='ltr'>profectus</span> <span class='ocrx_word' id='word_1_22' title='bbox 718 1279 739 1323; x_wconf 89' lang='lat' dir='ltr'>a</span> <span class='ocrx_word' id='word_1_23' title='bbox 761 1256 843 1324; x_wconf 85' lang='lat' dir='ltr'>locis</span> <span class='ocrx_word' id='word_1_24' title='bbox 866 1253 1068 1345; x_wconf 80' lang='lat' dir='ltr'>Aeschyleis</span> <span class='ocrx_word' id='word_1_25' title='bbox 1091 1255 1203 1344; x_wconf 87' lang='lat' dir='ltr'>qualis</span> <span class='ocrx_word' id='word_1_26' title='bbox 1227 1260 1281 1323; x_wconf 87' lang='lat' dir='ltr'>est</span> <span class='ocrx_word' id='word_1_27' title='bbox 1303 1255 1396 1342; x_wconf 81' lang='lat' dir='ltr'>Sept.</span> <span class='ocrx_word' id='word_1_28' title='bbox 1421 1255 1507 1322; x_wconf 80' lang='lat'>425:</span> 
     </span>
     <span class='ocr_line' id='line_1_6' title="bbox 385 1397 1509 1480; baseline 0.002 -18"><span class='ocrx_word' id='word_1_29' title='bbox 385 1399 398 1462; x_wconf 83' lang='grc' dir='ltr'>ὁ</span> <span class='ocrx_word' id='word_1_30' title='bbox 424 1397 543 1476; x_wconf 80' lang='grc' dir='ltr'><em>κόμπος</em></span> <span class='ocrx_word' id='word_1_31' title='bbox 578 1399 608 1463; x_wconf 83' lang='grc' dir='ltr'>οὐ</span> <span class='ocrx_word' id='word_1_32' title='bbox 642 1401 712 1463; x_wconf 67' lang='grc' dir='ltr'>κατ’</span> <span class='ocrx_word' id='word_1_33' title='bbox 749 1397 916 1480; x_wconf 66' lang='grc' dir='ltr'><em>ἄνθρωπον,</em></span> <span class='ocrx_word' id='word_1_34' title='bbox 937 1402 1042 1480; x_wconf 78' lang='grc' dir='ltr'><em>Φρονεῖ</em></span> <span class='ocrx_word' id='word_1_35' title='bbox 1072 1405 1164 1466; x_wconf 80' lang='lat' dir='ltr'>reete</span> <span class='ocrx_word' id='word_1_36' title='bbox 1198 1399 1358 1468; x_wconf 79' lang='lat' dir='ltr'>observat</span> <span class='ocrx_word' id='word_1_37' title='bbox 1391 1421 1509 1467; x_wconf 80' lang='lat' dir='ltr'>vocem</span> 
     </span>
     <span class='ocr_line' id='line_1_7' title="bbox 386 1539 1509 1631; baseline 0.004 -26"><span class='ocrx_word' id='word_1_38' title='bbox 386 1539 503 1620; x_wconf 81' lang='grc' dir='ltr'><em>κόμπος</em></span> <span class='ocrx_word' id='word_1_39' title='bbox 520 1564 581 1629; x_wconf 89' lang='lat' dir='ltr'>per</span> <span class='ocrx_word' id='word_1_40' title='bbox 592 1541 918 1631; x_wconf 84' lang='lat' dir='ltr'>porsonifioationom</span> <span class='ocrx_word' id='word_1_41' title='bbox 929 1565 988 1631; x_wconf 92' lang='lat' dir='ltr'>pro</span> <span class='ocrx_word' id='word_1_42' title='bbox 1001 1541 1073 1630; x_wconf 88' lang='lat' dir='ltr'>ipso</span> <span class='ocrx_word' id='word_1_43' title='bbox 1086 1542 1220 1608; x_wconf 88' lang='lat' dir='ltr'>homine</span> <span class='ocrx_word' id='word_1_44' title='bbox 1231 1541 1396 1628; x_wconf 82' lang='lat' dir='ltr'>&#39;glorianti</span> <span class='ocrx_word' id='word_1_45' title='bbox 1408 1540 1509 1630; x_wconf 88' lang='lat' dir='ltr'>poni;</span> 
     </span>
     <span class='ocr_line' id='line_1_8' title="bbox 384 1683 1508 1774; baseline -0.001 -24"><span class='ocrx_word' id='word_1_46' title='bbox 384 1685 504 1774; x_wconf 88' lang='lat' dir='ltr'>quodsi</span> <span class='ocrx_word' id='word_1_47' title='bbox 535 1685 613 1751; x_wconf 85' lang='lat' dir='ltr'>huie</span> <span class='ocrx_word' id='word_1_48' title='bbox 640 1685 802 1754; x_wconf 81' lang='lat' dir='ltr'>vocabulo</span> <span class='ocrx_word' id='word_1_49' title='bbox 826 1684 1031 1754; x_wconf 79' lang='lat' dir='ltr'>adieetivum</span> <span class='ocrx_word' id='word_1_50' title='bbox 1055 1684 1250 1751; x_wconf 85' lang='lat' dir='ltr'>adiunctum</span> <span class='ocrx_word' id='word_1_51' title='bbox 1272 1683 1508 1766; x_wconf 89' lang='lat' dir='ltr'>inveniretur,</span> 
     </span>
     <span class='ocr_line' id='line_1_9' title="bbox 385 1824 1510 1913; baseline -0.004 -20"><span class='ocrx_word' id='word_1_52' title='bbox 385 1826 426 1893; x_wconf 88' lang='lat' dir='ltr'>do</span> <span class='ocrx_word' id='word_1_53' title='bbox 449 1825 582 1892; x_wconf 88' lang='lat' dir='ltr'>homine</span> <span class='ocrx_word' id='word_1_54' title='bbox 605 1825 777 1913; x_wconf 75' lang='lat' dir='ltr'>glorianti,</span> <span class='ocrx_word' id='word_1_55' title='bbox 799 1849 866 1893; x_wconf 90' lang='lat' dir='ltr'>non</span> <span class='ocrx_word' id='word_1_56' title='bbox 889 1826 930 1893; x_wconf 87' lang='lat' dir='ltr'>de</span> <span class='ocrx_word' id='word_1_57' title='bbox 954 1825 1157 1912; x_wconf 80' lang='lat' dir='ltr'>gloriatione</span> <span class='ocrx_word' id='word_1_58' title='bbox 1179 1825 1215 1892; x_wconf 94' lang='lat' dir='ltr'>id</span> <span class='ocrx_word' id='word_1_59' title='bbox 1237 1824 1510 1911; x_wconf 84' lang='lat' dir='ltr'>intellegendum</span> 
     </span>
    </p>
   </div>
   <div class='ocr_carea' id='block_1_3' title="bbox 386 1968 1510 2056">
    <p class='ocr_par' dir='ltr' id='par_1_4' title="bbox 386 1968 1510 2056">
     <span class='ocr_line' id='line_1_10' title="bbox 386 1968 1510 2056; baseline -0.002 -20"><span class='ocrx_word' id='word_1_60' title='bbox 386 1991 476 2053; x_wconf 87' lang='lat' dir='ltr'>esse,</span> <span class='ocrx_word' id='word_1_61' title='bbox 511 1970 546 2036; x_wconf 82' lang='lat' dir='ltr'>cf</span> <span class='ocrx_word' id='word_1_62' title='bbox 576 1991 632 2056; x_wconf 84' lang='lat' dir='ltr'>pg.</span> <span class='ocrx_word' id='word_1_63' title='bbox 668 1971 720 2036; x_wconf 86' lang='grc'>67.</span> <span class='ocrx_word' id='word_1_64' title='bbox 752 1968 809 2037; x_wconf 77' lang='lat' dir='ltr'>sio</span> <span class='ocrx_word' id='word_1_65' title='bbox 839 1991 951 2035; x_wconf 88' lang='lat' dir='ltr'>omnes</span> <span class='ocrx_word' id='word_1_66' title='bbox 975 1972 1103 2050; x_wconf 83' lang='lat' dir='ltr'>status,</span> <span class='ocrx_word' id='word_1_67' title='bbox 1130 1974 1207 2035; x_wconf 82' lang='lat' dir='ltr'>aeta</span> <span class='ocrx_word' id='word_1_68' title='bbox 1230 1968 1359 2050; x_wconf 84' lang='lat' dir='ltr'>omnia,</span> <span class='ocrx_word' id='word_1_69' title='bbox 1396 1968 1510 2035; x_wconf 83' lang='lat' dir='ltr'>omnia</span> 
     </span>
    </p>
   </div>
   <div class='ocr_carea' id='block_1_4' title="bbox 386 2089 1509 2200">
    <p class='ocr_par' dir='ltr' id='par_1_5' title="bbox 386 2089 1509 2200">
     <span class='ocr_line' id='line_1_11' title="bbox 386 2089 1509 2200; baseline -0.002 -22"><span class='ocrx_word' id='word_1_70' title='bbox 386 2111 574 2178; x_wconf 83' lang='lat' dir='ltr'>accidentia</span> <span class='ocrx_word' id='word_1_71' title='bbox 608 2089 751 2196; x_wconf 57' lang='lat' dir='ltr'>homini{</span> <span class='ocrx_word' id='word_1_72' title='bbox 775 2111 857 2200; x_wconf 87' lang='lat' dir='ltr'>quin</span> <span class='ocrx_word' id='word_1_73' title='bbox 880 2112 984 2179; x_wconf 89' lang='lat' dir='ltr'>etiam</span> <span class='ocrx_word' id='word_1_74' title='bbox 1006 2117 1121 2198; x_wconf 87' lang='lat' dir='ltr'>partes</span> <span class='ocrx_word' id='word_1_75' title='bbox 1145 2111 1292 2198; x_wconf 79' lang='lat' dir='ltr'>eorporis</span> <span class='ocrx_word' id='word_1_76' title='bbox 1316 2110 1399 2193; x_wconf 80' lang='lat' dir='ltr'>eiua,</span> <span class='ocrx_word' id='word_1_77' title='bbox 1424 2115 1509 2178; x_wconf 87' lang='lat' dir='ltr'>tem·</span> 
     </span>
    </p>
   </div>
   <div class='ocr_carea' id='block_1_5' title="bbox 384 2253 1510 4057">
    <p class='ocr_par' dir='ltr' id='par_1_6' title="bbox 384 2253 1510 4057">
     <span class='ocr_line' id='line_1_12' title="bbox 385 2253 1509 2344; baseline 0 -24"><span class='ocrx_word' id='word_1_78' title='bbox 385 2277 476 2341; x_wconf 83' lang='lat' dir='ltr'>pora,</span> <span class='ocrx_word' id='word_1_79' title='bbox 500 2253 648 2342; x_wconf 78' lang='lat' dir='ltr'>locaque,</span> <span class='ocrx_word' id='word_1_80' title='bbox 675 2254 794 2342; x_wconf 89' lang='lat' dir='ltr'>quibus</span> <span class='ocrx_word' id='word_1_81' title='bbox 818 2277 969 2344; x_wconf 87' lang='lat' dir='ltr'>quaeque</span> <span class='ocrx_word' id='word_1_82' title='bbox 982 2255 1076 2341; x_wconf 80' lang='lat' dir='ltr'>¹agit,</span> <span class='ocrx_word' id='word_1_83' title='bbox 1098 2254 1320 2342; x_wconf 85' lang='lat' dir='ltr'>cogitationes</span> <span class='ocrx_word' id='word_1_84' title='bbox 1340 2275 1509 2342; x_wconf 83' lang='lat' dir='ltr'>vocesque</span> 
     </span>
     <span class='ocr_line' id='line_1_13' title="bbox 385 2395 1509 2485; baseline 0.001 -24"><span class='ocrx_word' id='word_1_85' title='bbox 385 2395 548 2463; x_wconf 85' lang='lat' dir='ltr'>humanas</span> <span class='ocrx_word' id='word_1_86' title='bbox 569 2419 589 2463; x_wconf 92' lang='lat' dir='ltr'>a</span> <span class='ocrx_word' id='word_1_87' title='bbox 608 2396 715 2484; x_wconf 84' lang='lat' dir='ltr'>poetis</span> <span class='ocrx_word' id='word_1_88' title='bbox 735 2420 795 2484; x_wconf 89' lang='lat' dir='ltr'>pro</span> <span class='ocrx_word' id='word_1_89' title='bbox 807 2398 890 2485; x_wconf 92' lang='lat' dir='ltr'>ipsis</span> <span class='ocrx_word' id='word_1_90' title='bbox 902 2397 1091 2464; x_wconf 89' lang='lat' dir='ltr'>hominibus</span> <span class='ocrx_word' id='word_1_91' title='bbox 1103 2397 1181 2485; x_wconf 88' lang='lat' dir='ltr'>poni</span> <span class='ocrx_word' id='word_1_92' title='bbox 1194 2396 1309 2478; x_wconf 87' lang='lat' dir='ltr'>solere,</span> <span class='ocrx_word' id='word_1_93' title='bbox 1324 2395 1509 2484; x_wconf 84' lang='lat' dir='ltr'>velpotius</span> 
     </span>
     <span class='ocr_line' id='line_1_14' title="bbox 385 2536 1509 2624; baseline 0.001 -21"><span class='ocrx_word' id='word_1_94' title='bbox 385 2536 445 2622; x_wconf 86' lang='lat' dir='ltr'>ita,</span> <span class='ocrx_word' id='word_1_95' title='bbox 467 2542 507 2607; x_wconf 88' lang='lat' dir='ltr'>ut</span> <span class='ocrx_word' id='word_1_96' title='bbox 525 2538 617 2611; x_wconf 77' lang='lat' dir='ltr'>notio</span> <span class='ocrx_word' id='word_1_97' title='bbox 636 2537 780 2608; x_wconf 87' lang='lat' dir='ltr'>hominis</span> <span class='ocrx_word' id='word_1_98' title='bbox 795 2540 1002 2624; x_wconf 75' lang='lat' dir='ltr'>involvatur,</span> <span class='ocrx_word' id='word_1_99' title='bbox 1015 2540 1104 2606; x_wconf 89' lang='lat' dir='ltr'>unde</span> <span class='ocrx_word' id='word_1_100' title='bbox 1116 2539 1187 2624; x_wconf 88' lang='lat' dir='ltr'>fiat,</span> <span class='ocrx_word' id='word_1_101' title='bbox 1201 2543 1239 2608; x_wconf 87' lang='lat' dir='ltr'>ut</span> <span class='ocrx_word' id='word_1_102' title='bbox 1251 2539 1341 2606; x_wconf 85' lang='lat' dir='ltr'>hisee</span> <span class='ocrx_word' id='word_1_103' title='bbox 1354 2538 1509 2605; x_wconf 87' lang='lat' dir='ltr'>omnibus</span> 
     </span>
     <span class='ocr_line' id='line_1_15' title="bbox 386 2680 1510 2772; baseline 0.002 -26"><span class='ocrx_word' id='word_1_104' title='bbox 386 2680 558 2748; x_wconf 76' lang='lat' dir='ltr'>adjectiva</span> <span class='ocrx_word' id='word_1_105' title='bbox 589 2682 853 2769; x_wconf 84' lang='lat' dir='ltr'>coniungantur,</span> <span class='ocrx_word' id='word_1_106' title='bbox 881 2706 967 2771; x_wconf 87' lang='lat' dir='ltr'>quae</span> <span class='ocrx_word' id='word_1_107' title='bbox 990 2682 1125 2772; x_wconf 87' lang='lat' dir='ltr'>proprie</span> <span class='ocrx_word' id='word_1_108' title='bbox 1149 2682 1192 2750; x_wconf 90' lang='lat' dir='ltr'>ad</span> <span class='ocrx_word' id='word_1_109' title='bbox 1215 2705 1372 2771; x_wconf 82' lang='lat' dir='ltr'>personas</span> <span class='ocrx_word' id='word_1_110' title='bbox 1402 2682 1510 2771; x_wconf 86' lang='lat' dir='ltr'>perti·</span> 
     </span>
     <span class='ocr_line' id='line_1_16' title="bbox 385 2825 1508 2918; baseline -0.001 -26"><span class='ocrx_word' id='word_1_111' title='bbox 385 2833 499 2910; x_wconf 82' lang='lat' dir='ltr'>noant,</span> <span class='ocrx_word' id='word_1_112' title='bbox 519 2829 560 2892; x_wconf 88' lang='lat' dir='ltr'>ut</span> <span class='ocrx_word' id='word_1_113' title='bbox 577 2845 635 2893; x_wconf 92' lang='lat' dir='ltr'>nos</span> <span class='ocrx_word' id='word_1_114' title='bbox 655 2826 794 2893; x_wconf 88' lang='lat' dir='ltr'>dioimus</span> <span class='ocrx_word' id='word_1_115' title='bbox 810 2826 962 2912; x_wconf 79' lang='lat' dir='ltr'>„drukke</span> <span class='ocrx_word' id='word_1_116' title='bbox 982 2825 1081 2913; x_wconf 83' lang='lat' dir='ltr'>dag‚”</span> <span class='ocrx_word' id='word_1_117' title='bbox 1097 2825 1217 2918; x_wconf 84' lang='lat' dir='ltr'>„blijde</span> <span class='ocrx_word' id='word_1_118' title='bbox 1237 2825 1508 2912; x_wconf 82' lang='lat' dir='ltr'>verwaohting,”</span> 
     </span>
     <span class='ocr_line' id='line_1_17' title="bbox 389 2967 1510 3058; baseline -0.003 -20"><span class='ocrx_word' id='word_1_119' title='bbox 389 3021 403 3055; x_wconf 84' lang='lat'>„</span> <span class='ocrx_word' id='word_1_120' title='bbox 415 2970 564 3056; x_wconf 83' lang='lat' dir='ltr'>gezonde</span> <span class='ocrx_word' id='word_1_121' title='bbox 588 2969 707 3058; x_wconf 86' lang='lat' dir='ltr'>spijs‚’&#39;</span> <span class='ocrx_word' id='word_1_122' title='bbox 735 2969 894 3054; x_wconf 82' lang='lat' dir='ltr'>„zittend</span> <span class='ocrx_word' id='word_1_123' title='bbox 915 2970 1046 3038; x_wconf 88' lang='lat' dir='ltr'>leven.&#39;&#39;</span> <span class='ocrx_word' id='word_1_124' title='bbox 1070 2968 1254 3037; x_wconf 85' lang='lat' dir='ltr'>Videamus</span> <span class='ocrx_word' id='word_1_125' title='bbox 1277 2967 1404 3054; x_wconf 86' lang='lat' dir='ltr'>igitur,</span> <span class='ocrx_word' id='word_1_126' title='bbox 1424 2967 1510 3057; x_wconf 89' lang='lat' dir='ltr'>quid</span> 
     </span>
     <span class='ocr_line' id='line_1_18' title="bbox 385 3111 1510 3202; baseline -0.002 -22"><span class='ocrx_word' id='word_1_127' title='bbox 385 3113 468 3182; x_wconf 83' lang='lat' dir='ltr'>haee</span> <span class='ocrx_word' id='word_1_128' title='bbox 491 3113 645 3181; x_wconf 80' lang='lat' dir='ltr'>doctrina</span> <span class='ocrx_word' id='word_1_129' title='bbox 668 3113 702 3179; x_wconf 90' lang='lat' dir='ltr'>in</span> <span class='ocrx_word' id='word_1_130' title='bbox 730 3113 987 3202; x_wconf 84' lang='lat' dir='ltr'>interpretando</span> <span class='ocrx_word' id='word_1_131' title='bbox 1009 3113 1169 3180; x_wconf 89' lang='lat' dir='ltr'>liberiore</span> <span class='ocrx_word' id='word_1_132' title='bbox 1193 3111 1420 3200; x_wconf 86' lang='lat' dir='ltr'>epithetorum</span> <span class='ocrx_word' id='word_1_133' title='bbox 1444 3135 1510 3180; x_wconf 88' lang='lat' dir='ltr'>usu</span> 
     </span>
     <span class='ocr_line' id='line_1_19' title="bbox 384 3254 1510 3344; baseline -0.002 -20"><span class='ocrx_word' id='word_1_134' title='bbox 384 3257 473 3324; x_wconf 80' lang='lat' dir='ltr'>lueri</span> <span class='ocrx_word' id='word_1_135' title='bbox 506 3257 621 3324; x_wconf 86' lang='lat' dir='ltr'>faciat.</span> <span class='ocrx_word' id='word_1_136' title='bbox 657 3256 808 3324; x_wconf 87' lang='lat' dir='ltr'>Primum</span> <span class='ocrx_word' id='word_1_137' title='bbox 841 3257 1026 3324; x_wconf 83' lang='lat' dir='ltr'>notandum</span> <span class='ocrx_word' id='word_1_138' title='bbox 1060 3279 1134 3322; x_wconf 90' lang='lat' dir='ltr'>eum</span> <span class='ocrx_word' id='word_1_139' title='bbox 1165 3279 1221 3344; x_wconf 86' lang='lat' dir='ltr'>pg.</span> <span class='ocrx_word' id='word_1_140' title='bbox 1254 3256 1296 3324; x_wconf 76' lang='lat'>52</span> <span class='ocrx_word' id='word_1_141' title='bbox 1318 3257 1412 3321; x_wconf 87' lang='lat' dir='ltr'>reete</span> <span class='ocrx_word' id='word_1_142' title='bbox 1437 3254 1510 3324; x_wconf 87' lang='lat' dir='ltr'>ani·</span> 
     </span>
     <span class='ocr_line' id='line_1_20' title="bbox 386 3399 1510 3490; baseline -0.002 -23"><span class='ocrx_word' id='word_1_143' title='bbox 386 3402 601 3471; x_wconf 83' lang='lat' dir='ltr'>madvertere</span> <span class='ocrx_word' id='word_1_144' title='bbox 636 3401 679 3468; x_wconf 92' lang='lat' dir='ltr'>ad</span> <span class='ocrx_word' id='word_1_145' title='bbox 711 3424 860 3489; x_wconf 88' lang='lat' dir='ltr'>eaquae</span> <span class='ocrx_word' id='word_1_146' title='bbox 885 3400 1022 3490; x_wconf 83' lang='lat' dir='ltr'>scripsit</span> <span class='ocrx_word' id='word_1_147' title='bbox 1045 3399 1135 3467; x_wconf 80' lang='lat' dir='ltr'>Todt</span> <span class='ocrx_word' id='word_1_148' title='bbox 1163 3399 1191 3486; x_wconf 83' lang='lat'>¹)</span> <span class='ocrx_word' id='word_1_149' title='bbox 1222 3399 1263 3466; x_wconf 93' lang='lat' dir='ltr'>de</span> <span class='ocrx_word' id='word_1_150' title='bbox 1285 3399 1418 3466; x_wconf 86' lang='lat' dir='ltr'>Eumen</span> <span class='ocrx_word' id='word_1_151' title='bbox 1440 3400 1510 3468; x_wconf 80' lang='lat'>476</span> 
     </span>
     <span class='ocr_line' id='line_1_21' title="bbox 386 3541 1509 3634; baseline 0.003 -25"><span class='ocrx_word' id='word_1_152' title='bbox 386 3551 491 3627; x_wconf 71' lang='grc' dir='ltr'><em>μοῖραν</em></span> <span class='ocrx_word' id='word_1_153' title='bbox 528 3546 576 3609; x_wconf 76' lang='grc' dir='ltr'>οὐκ</span> <span class='ocrx_word' id='word_1_154' title='bbox 611 3544 820 3623; x_wconf 58' lang='lat' dir='ltr'>editiorem:</span> <span class='ocrx_word' id='word_1_155' title='bbox 848 3545 1028 3634; x_wconf 79' lang='lat' dir='ltr'>„suppleto</span> <span class='ocrx_word' id='word_1_156' title='bbox 1053 3583 1095 3592; x_wconf 91' lang='lat'><em>-</em></span> <span class='ocrx_word' id='word_1_157' title='bbox 1120 3543 1170 3611; x_wconf 84' lang='lat' dir='ltr'>ait</span> <span class='ocrx_word' id='word_1_158' title='bbox 1191 3543 1245 3610; x_wconf 89' lang='lat' dir='ltr'>hio</span> <span class='ocrx_word' id='word_1_159' title='bbox 1268 3580 1311 3590; x_wconf 92' lang='lat'>·-</span> <span class='ocrx_word' id='word_1_160' title='bbox 1334 3541 1509 3619; x_wconf 81' lang='lat' dir='ltr'>infinitivo</span> 
     </span>
     <span class='ocr_line' id='line_1_22' title="bbox 385 3683 1509 3776; baseline 0.002 -23"><span class='ocrx_word' id='word_1_161' title='bbox 385 3691 436 3753; x_wconf 81' lang='grc' dir='ltr'>τοῦ</span> <span class='ocrx_word' id='word_1_162' title='bbox 472 3683 546 3753; x_wconf 66' lang='grc' dir='ltr'><em>εἶναι</em></span> <span class='ocrx_word' id='word_1_163' title='bbox 577 3687 749 3775; x_wconf 83' lang='lat' dir='ltr'>integrum</span> <span class='ocrx_word' id='word_1_164' title='bbox 779 3687 996 3776; x_wconf 87' lang='lat' dir='ltr'>oompositum</span> <span class='ocrx_word' id='word_1_165' title='bbox 1024 3709 1128 3775; x_wconf 83' lang='lat' dir='ltr'>ponas</span> <span class='ocrx_word' id='word_1_166' title='bbox 1151 3685 1354 3753; x_wconf 85' lang='lat' dir='ltr'>nominativo</span> <span class='ocrx_word' id='word_1_167' title='bbox 1377 3685 1509 3770; x_wconf 82' lang='lat' dir='ltr'>subiec-</span> 
     </span>
     <span class='ocr_line' id='line_1_23' title="bbox 384 3829 1508 3918; baseline -0.001 -20"><span class='ocrx_word' id='word_1_168' title='bbox 384 3831 442 3898; x_wconf 87' lang='lat' dir='ltr'>ti”</span> <span class='ocrx_word' id='word_1_169' title='bbox 467 3871 510 3879; x_wconf 98' lang='lat'><em>-</em></span> <span class='ocrx_word' id='word_1_170' title='bbox 537 3831 649 3918; x_wconf 77' lang='lat' dir='ltr'>„(das)</span> <span class='ocrx_word' id='word_1_171' title='bbox 684 3854 763 3918; x_wconf 87' lang='lat' dir='ltr'>mag</span> <span class='ocrx_word' id='word_1_172' title='bbox 787 3829 912 3918; x_wconf 84' lang='lat' dir='ltr'>richtig</span> <span class='ocrx_word' id='word_1_173' title='bbox 935 3831 990 3898; x_wconf 88' lang='lat' dir='ltr'>die</span> <span class='ocrx_word' id='word_1_174' title='bbox 1013 3829 1083 3899; x_wconf 80' lang='lat' dir='ltr'>Art</span> <span class='ocrx_word' id='word_1_175' title='bbox 1107 3831 1174 3898; x_wconf 89' lang='lat' dir='ltr'>und</span> <span class='ocrx_word' id='word_1_176' title='bbox 1196 3831 1312 3900; x_wconf 85' lang='lat' dir='ltr'>Weise</span> <span class='ocrx_word' id='word_1_177' title='bbox 1333 3832 1508 3916; x_wconf 59' lang='lat' dir='ltr'>angeben3</span> 
     </span>
     <span class='ocr_line' id='line_1_24' title="bbox 386 3937 1509 4057; baseline -0.002 -14"><span class='ocrx_word' id='word_1_178' title='bbox 386 3973 449 4043; x_wconf 90' lang='lat' dir='ltr'>wie</span> <span class='ocrx_word' id='word_1_179' title='bbox 490 3975 555 4043; x_wconf 91' lang='lat' dir='ltr'>wir</span> <span class='ocrx_word' id='word_1_180' title='bbox 594 3975 659 4042; x_wconf 91' lang='lat' dir='ltr'>den</span> <span class='ocrx_word' id='word_1_181' title='bbox 697 3973 879 4042; x_wconf 85' lang='lat' dir='ltr'>Ausdruok</span> <span class='ocrx_word' id='word_1_182' title='bbox 913 3974 949 4041; x_wconf 90' lang='lat' dir='ltr'>in</span> <span class='ocrx_word' id='word_1_183' title='bbox 983 3973 1088 4042; x_wconf 86' lang='lat' dir='ltr'>Prosa</span> <span class='ocrx_word' id='word_1_184' title='bbox 1121 3973 1322 4057; x_wconf 84' lang='lat' dir='ltr'>umdrehen,</span> <span class='ocrx_word' id='word_1_185' title='bbox 1357 3972 1415 4039; x_wconf 82' lang='lat' dir='ltr'>fiir</span> <span class='ocrx_word' id='word_1_186' title='bbox 1451 3937 1509 4041; x_wconf 87' lang='lat' dir='ltr'>die</span> 
     </span>
    </p>
   </div>
   <div class='ocr_carea' id='block_1_6' title="bbox 384 4116 1509 4205">
    <p class='ocr_par' dir='ltr' id='par_1_7' title="bbox 384 4116 1509 4205">
     <span class='ocr_line' id='line_1_25' title="bbox 384 4116 1509 4205; baseline 0.002 -21"><span class='ocrx_word' id='word_1_187' title='bbox 384 4116 641 4204; x_wconf 82' lang='lat' dir='ltr'>Uebersetzung</span> <span class='ocrx_word' id='word_1_188' title='bbox 672 4116 780 4184; x_wconf 85' lang='lat' dir='ltr'>selbst</span> <span class='ocrx_word' id='word_1_189' title='bbox 802 4118 869 4184; x_wconf 90' lang='lat' dir='ltr'>und</span> <span class='ocrx_word' id='word_1_190' title='bbox 893 4117 995 4200; x_wconf 77' lang='lat' dir='ltr'>dano,</span> <span class='ocrx_word' id='word_1_191' title='bbox 1020 4117 1099 4185; x_wconf 89' lang='lat' dir='ltr'>dass</span> <span class='ocrx_word' id='word_1_192' title='bbox 1115 4117 1185 4186; x_wconf 53' lang='lat' dir='ltr'>‘wir</span> <span class='ocrx_word' id='word_1_193' title='bbox 1208 4117 1263 4185; x_wconf 91' lang='lat' dir='ltr'>die</span> <span class='ocrx_word' id='word_1_194' title='bbox 1285 4117 1509 4205; x_wconf 86' lang='lat' dir='ltr'>Entstehung</span> 
     </span>
    </p>
   </div>
   <div class='ocr_carea' id='block_1_7' title="bbox 430 4415 1396 4500">
    <p class='ocr_par' dir='ltr' id='par_1_8' title="bbox 430 4415 1396 4500">
     <span class='ocr_line' id='line_1_26' title="bbox 430 4415 1396 4500; baseline 0.002 -26"><span class='ocrx_word' id='word_1_195' title='bbox 430 4415 456 4491; x_wconf 88' lang='lat'>¹)</span> <span class='ocrx_word' id='word_1_196' title='bbox 476 4416 519 4474; x_wconf 88' lang='lat' dir='ltr'>De</span> <span class='ocrx_word' id='word_1_197' title='bbox 538 4415 675 4490; x_wconf 78' lang='lat' dir='ltr'>Aeschylo</span> <span class='ocrx_word' id='word_1_198' title='bbox 696 4415 889 4475; x_wconf 80' lang='lat' dir='ltr'>vocabulorum</span> <span class='ocrx_word' id='word_1_199' title='bbox 910 4416 1051 4474; x_wconf 84' lang='lat' dir='ltr'>inventore</span> <span class='ocrx_word' id='word_1_200' title='bbox 1070 4415 1159 4476; x_wconf 82' lang='lat' dir='ltr'>Halae</span> <span class='ocrx_word' id='word_1_201' title='bbox 1182 4416 1260 4475; x_wconf 80' lang='lat'>1854</span> <span class='ocrx_word' id='word_1_202' title='bbox 1280 4432 1327 4490; x_wconf 83' lang='lat' dir='ltr'>pg.</span> <span class='ocrx_word' id='word_1_203' title='bbox 1348 4416 1396 4500; x_wconf 72' lang='grc'>56.</span> 
     </span>
    </p>
   </div>
   <div class='ocr_carea' id='block_1_8' title="bbox 0 0 1654 5332">
    <p class='ocr_par' dir='ltr' id='par_1_9' title="bbox 0 0 1654 5332">
     <span class='ocr_line' id='line_1_27' title="bbox 0 0 1654 5332; baseline 0 0"><span class='ocrx_word' id='word_1_204' title='bbox 0 0 1654 5332; x_wconf 95' lang='lat' dir='ltr'> </span> 
     </span>
    </p>
   </div>
  </div>
 </body>
</html>
