3296 5342
842 626 907 693 104

352 819 426 908 Iph.
451 821 490 886 Τ.
515 821 589 887 949.
617 817 701 895 ξενία
725 819 937 901 μονοτράπεζά
961 843 1011 898 μοι
1037 819 1203 902 παρέσχον.
1229 858 1272 867 -
1317 845 1319 850 ·

766 1021 968 1032 ——--

351 1157 446 1225 Haec
480 1165 576 1243 sunt,
611 1181 698 1248 quae
732 1158 880 1226 scribere
915 1160 950 1225 in
981 1159 1043 1225 hoe
1064 1159 1181 1226 libello
1204 1158 1287 1225 mihi
1308 1181 1430 1246 propo·

307 1300 369 1369 sni.
405 1301 458 1367 Ex
488 1301 548 1386 iis,
584 1323 670 1391 quae
700 1301 846 1390 protuli,
880 1303 962 1368 haee
993 1301 1147 1368 concludi
1169 1323 1267 1389 posse
1291 1321 1431 1367 censeo:

352 1441 390 1510 1⁰
429 1445 481 1512 Re
522 1466 604 1512 vera
643 1445 869 1513 substantivis
910 1444 1063 1532 epitheta
1106 1444 1157 1510 ita
1192 1443 1348 1530 adiungi,
1386 1447 1431 1510 ut

305 1631 321 1658 -,
415 1586 532 1653 horum
568 1586 756 1653 coniunctio
790 1589 926 1653 tantum
959 1607 1018 1674 per
1053 1586 1288 1653 traiectionem
1323 1586 1431 1674 expli·

417 1729 489 1796 cari
510 1729 634 1817 possit

350 1871 390 1937 2⁰
416 1870 527 1937 Huius
549 1871 761 1939 traiectionis
784 1893 920 1938 eausam
940 1893 1022 1954 esse,
1044 1870 1132 1959 quod
1150 1873 1252 1938 rebus
1272 1870 1428 1959 epitheta

328 2093 331 2102 .
418 2014 602 2098 addantur,
623 2035 710 2102 quae
728 2014 864 2102 proprie
884 2014 928 2080 ad
947 2035 1125 2100 personam
1145 2013 1326 2080 referenda
1346 2012 1428 2079 sint.

350 2156 390 2221 3ο
427 2155 524 2222 Nihil
562 2156 709 2238 referre,
750 2159 866 2222 utrum
906 2154 1120 2223 substantivo
1164 2128 1240 2221 eum*
1274 2154 1427 2243 epitheto

416 2297 592 2364 coniuncto
627 2298 773 2365 alterum
804 2296 1058 2374 substantivum
1082 2319 1163 2364 casu
1186 2296 1345 2382 genetivo
1369 2297 1430 2364 ad·

323 2531 325 2540 X
419 2438 480 2520 sit,
505 2461 618 2507 nenne.

331 2580 392 2646 '4⁰
431 2580 559 2648 Contra
591 2581 628 2647 in
651 2580 720 2649 alia
743 2579 950 2648 substantivi
972 2581 1147 2649 functione
1171 2582 1276 2651 aliter
1297 2605 1429 2672 quoque

419 2723 653 2811 explicandum
695 2746 767 2792 esse
807 2723 953 2812 epitheti
994 2747 1069 2790 cnm
1111 2725 1170 2791 illo
1213 2726 1429 2793 substantivo

324 2955 326 2958 .
417 2865 604 2934 vinculum.

351 3010 391 3076 5⁰
430 3008 619 3098 Utrumque
653 3014 804 3097 poetam,
840 3008 1054 3096 Aeschylum
1084 3013 1119 3077 et
1150 3009 1366 3098 Euripidem,
1391 3011 1428 3078 in

418 3129 652 3219 artificiosiore
677 3151 904 3240 epithetorum
922 3151 1177 3239 compositorum
1202 3173 1265 3218 usu
1288 3175 1427 3240 prorsus

418 3292 610 3384 conspirare
651 3294 739 3382 quod
773 3293 883 3381 ipsum
917 3295 959 3360 ab
995 3293 1113 3377 initio,
1152 3317 1227 3360 eum
1260 3294 1296 3360 in
1331 3294 1430 3361 illum

417 3459 515 3504 usum
555 3437 727 3526 inquirere
762 3437 872 3525 coepi,
908 3436 1048 3525 putavi,
1085 3445 1121 3504 et
1156 3460 1245 3504 nunu
1267 3438 1429 3527 exemplis

318 3667 320 3674 Ι
419 3579 536 3648 allatis
568 3583 670 3668 atque
699 3578 868 3667 percensis
891 3577 1106 3652 manifestius
1131 3583 1284 3667 apparet.
