3296 5342
943 654 989 720 44

445 847 554 915 Eleet.
578 848 643 914 866
666 843 837 926 τέθριππον
860 845 941 921 ἡλίου
965 845 1061 919 πέλοις
1087 847 1370 934 ,zonneglans’'..

446 989 570 1056 Phoen.
595 989 660 1055 308
682 987 878 1068 κυανόχρωτα
901 989 1020 1068 χοιίτοις
1044 988 1214 1067 πλόκοιριον.

448 1131 506 1198 Or.
530 1131 595 1197 225
618 1125 639 1193 ὦ
663 1129 841 1211 βοστρύχων
864 1132 990 1203 πινῶδες
1012 1130 1104 1212 κοὶροι.

446 1273 608 1342 Fortasse
632 1272 735 1340 etiam
759 1273 808 1340 sic
832 1273 995 1361 explicari
1017 1280 1150 1361 potest:

447 1414 556 1482 Elect.
568 1415 636 1481 450
653 1413 777 1488 Θέτιδος
795 1414 1015 1493 sivemercedem
1031 1416 1089 1500 ,de
1101 1417 1274 1505 zeespruit
1288 1438 1353 1484 van
1369 1414 1509 1484 Thetis’.

405 1555 525 1624 'Photis
556 1556 644 1622 enim
674 1562 710 1623 et
731 1555 886 1625 Achilles
911 1556 1017 1644 (γόνον)
1043 1559 1214 1626 artissime
1237 1558 1329 1626 inter
1352 1581 1386 1626 se
1408 1556 1510 1624 cohae·
1603 1529 1605 1572 ³

404 1701 498 1780 rent,
533 1719 600 1785 qua
633 1720 671 1764 re
700 1700 821 1785 poetae
854 1698 1029 1786 epitheton
1062 1699 1135 1767 voci
1158 1698 1241 1776 γόνον
1265 1699 1387 1767 addere
1408 1698 1510 1781 licuit,

403 1860 665 1927 quemquamne
689 1862 772 1908 vera
794 1839 949 1907 Achilles
973 1862 1184 1928 nequaquam
1210 1838 1339 1913 εἰνάλιοι
1361 1837 1513 1907 nominari

404 1984 528 2069 potest.
555 2018 597 2028 -·

751 2177 799 2243 Π.
847 2179 1014 2245 Tssrncrro
1037 2200 1185 2244 ormnem.

450 2378 661 2468 Aeschylus,
697 2382 755 2469 qui
788 2382 857 2448 vim
886 2382 1081 2470 plasticam,
1114 2404 1181 2470 qua
1204 2381 1329 2450 Graeci
1351 2387 1514 2468 tantopere

408 2521 595 2606 excellunt,
642 2523 850 2610 singularem
892 2523 928 2591 in
970 2525 1103 2591 modum
1145 2523 1337 2608 excolebat,
1378 2524 1445 2606 ita,
1483 2525 1516 2585 ut

406 2665 503 2753 pingi
543 2688 641 2753 posse
683 2667 754 2734 eius
792 2667 1014 2755 cogitationes
1049 2673 1164 2756 putee,
1200 2691 1266 2735 non
1303 2667 1409 2735 solum
1440 2685 1517 2734 nove

406 2808 513 2876 verba
543 2810 745 2896 composuit,
775 2810 834 2876 sed
860 2809 964 2876 etiam
986 2832 1093 2876 novas
1117 2810 1382 2897 comparationes
1407 2817 1441 2877 et
1461 2829 1517 2873 me·

407 2949 570 3037 taphoras
604 2951 751 3017 dramati
785 2951 1026 3038 suppeditavit.
1062 2951 1262 3019 Sublimitas
1294 2951 1365 3019 cius
1398 2945 1519 3018 dicendi

407 3091 543 3178 generis
578 3115 652 3159 cum
686 3092 722 3159 in
756 3093 899 3160 audacia
929 3094 1125 3174 verborum,
1157 3096 1231 3159 tum
1254 3091 1310 3161 vel
1332 3088 1519 3159 maximein

407 3233 568 3301 thesauro
603 3235 866 3301 translationum
901 3256 939 3301 ae
973 3235 1178 3322 figurarum,
1203 3234 1301 3302 velut
1323 3233 1434 3320 ligura
1456 3237 1519 3318 ety-

407 3375 589 3461 mologica,
614 3398 814 3464 oxymoron,
840 3384 954 3455 οχῆριοο
976 3373 1118 3440 καθ’ὅλον
1140 3374 1192 3438 nal
1214 3374 1299 3438 κοιτοὶ
1323 3373 1428 3456 μέρος,
1450 3371 1520 3453 alia,

408 3517 501 3584 cerni
529 3523 654 3604 potest.
689 3516 757 3583 Sed
787 3540 829 3584 ne
852 3517 1033 3604 Euripides
1056 3517 1191 3606 quidem
1215 3516 1251 3582 in
1274 3516 1317 3583 iis
1342 3511 1521 3583 excolendis

407 3660 539 3727 frustra
582 3659 787 3743 elaboravit,
835 3681 1038 3747 quamquam
1081 3660 1181 3726 huius
1215 3666 1336 3746 poetae
1371 3653 1523 3725 orationis

410 3801 564 3868 suavitas
592 3802 693 3870 valde
718 3802 890 3889 discrepat
913 3803 954 3868 ab
978 3800 1145 3889 Aeschyli
1168 3801 1343 3888 gravitate
1367 3797 1504 3868 dicendi.

454 3942 509 4009 Sic
552 3943 780 4031 metaphorice
821 3948 1031 4031 usurpantur
1073 3944 1164 4031 apud
1197 3944 1347 4030 tragicos
1380 3942 1523 4010 notiones

413 4088 566 4172 sumptae

455 4228 507 4293 1⁰.
543 4249 561 4293 e
608 4227 709 4294 rebus
751 4226 916 4308 nauticis,
960 4227 1056 4293 velut
1100 4225 1237 4307 ι’ἑγκνροι,
1280 4225 1368 4307 αἴρω,
1408 4225 1524 4306 ἐρὲοοω,

498 4368 631 4442 κλύδων,
655 4370 764 4447 λιμήν,
790 4367 926 4449 πρωμοοὶ,
951 4368 1087 4441 πίτυλος.
1112 4407 1155 4416 -
