3296 5342
676 613 720 679 45

176 805 229 874 2⁰.
254 830 272 874 e
295 807 432 875 serendi
450 807 667 897 metendique
686 807 849 894 negotiis,
869 806 967 875 velut
987 805 1090 883 οὶμοὶω,
1114 803 1254 891 stando,

135 950 224 1024 duitor
248 951 302 1038 (cf.
327 973 406 1040 pag.
431 950 508 1037 42).
532 948 656 1032 κοιρτός.
681 990 725 998 -

177 1095 229 1160 3⁰.
254 1115 296 1160 ex
341 1092 540 1160 animalium
585 1092 900 1176 consuetudinibus,
955 1092 1052 1160 velut
1097 1091 1254 1168 τέτομοον,

136 1235 277 1309 mdccc,
301 1234 407 1308 οονίνον,
431 1235 580 1300 ὑλοοκτὲον.

176 1378 459 1467 Frequentissimi
510 1381 625 1446 autem
681 1378 817 1461 Graeci,
864 1377 1067 1466 praesertim
1111 1376 1255 1484 tragici,

136 1523 214 1587 sunt
257 1520 294 1586 iu
342 1523 417 1588 arte
463 1544 519 1588 res
563 1526 736 1609 tamquam
777 1543 936 1608 personas
981 1520 1132 1607 fingendi
1174 1522 1256 1603 (τρο

136 1664 319 1748 τοτοτονεῒν)
365 1668 467 1752 atque
514 1664 668 1731 sensibus
715 1663 912 1731 subiciendi.
955 1663 1042 1731 Eece
1075 1663 1258 1752 praecipua

135 1828 252 1891 causa,
276 1829 346 1896 qua
368 1810 440 1874 tam
464 1828 565 1894 saepe
590 1807 681 1895 apud
692 1807 841 1893 tragicos
861 1807 1015 1895 epitheta
1026 1806 1257 1890 inveniuntur,

136 1969 218 2035 quae
241 1948 347 2036 primo
369 1948 492 2015 obtutu
512 1948 556 2015 ad
577 1949 810 2033 substantiva,
830 1949 1027 2037 quibuscum
1049 1949 1255 2035 iunguntur,

136 2088 324 2157 definienda
357 2089 445 2156 nihil
478 2089 651 2177 pe1tinere
687 2051 880 2158 videantur.
918 2090 1008 2156 Nam
1039 2091 1069 2157 si
1102 2091 1256 2158 notiones

137 2235 170 2298 et
198 2253 252 2300 res
284 2232 428 2320 speciem
456 2254 677 2319 personarum
710 2230 873 2315 induunt,
907 2231 965 2300 vel
986 2233 1099 2320 potius
1121 2233 1174 2299 ita
1196 2231 1256 2298 fin·

137 2378 277 2460 guntur,
308 2381 350 2441 ut
380 2373 473 2440 notio
495 2373 639 2440 hominis
663 2373 860 2440 involvatur
883 2373 936 2456 (cf.
959 2396 1015 2461 pg.
1041 2375 1113 2458 39),
1137 2373 1258 2440 mirari

137 2538 200 2582 non
235 2521 348 2604 potest
383 2516 539 2604 epitheta
571 2514 624 2582 his
659 2517 761 2583 rebus
795 2516 890 2601 addi,
927 2537 1012 2605 quas
1046 2515 1177 2603 proprie
1212 2514 1257 2581 ad

138 2679 291 2744 personas
314 2659 495 2726 referenda
519 2659 605 2741 sint,
629 2658 770 2748 ideoque
795 2661 836 2727 ab
859 2659 902 2727 iis
924 2659 1070 2727 traiecta
1095 2659 1173 2726 sint.

181 2801 282 2868 Cuius
307 2801 520 2869 traiectionis
545 2801 690 2888 epitheti
711 2801 796 2868 haec
819 2823 947 2888 genera
968 2801 1217 2870 inveniuntur:
1285 2801 1290 2816 '

181 3073 209 3116 a.
244 3051 506 3117 Traiectio
541 3051 622 3134 „ab
653 3054 822 3118 actore
854 3052 909 3118 ad
935 3050 1209 3118 actionem.''

181 3279 331 3348 Eundem
349 3281 385 3347 in
404 3282 537 3349 modum
558 3304 597 3349 ac
615 3281 683 3347 loci
701 3282 871 3349 Helenae:
901 3280 1098 3362 οὐτοσίδοορος
1120 3277 1255 3357 duetus,

141 3417 308 3500 ξιφοκτόνον
328 3422 471 3499 δίωγμα,
492 3422 582 3503 φονοοὶ
604 3420 790 3503 inponuntur,
809 3424 1047 3497 τολοτλοονήτων
1071 3423 1162 3488 τόνον
1173 3447 1255 3512 quos

36 3573 37 3628 ἱ
139 3585 193 3650 pg.
216 3566 266 3647 12,
292 3567 345 3648 13,
357 3567 517 3653 perhanc
529 3565 764 3634 traice-tionem
776 3566 1031 3654 explicavimus,
1045 3565 1173 3633 dictum
1185 3568 1254 3632 est:

181 3785 280 3875 Apud
314 3787 632 3877 Aeschylum:
671 3773 672 3776 Ἴ

182 3927 286 3998 Prom.
312 3931 379 3998 585
403 3931 477 4005 ἄδην
499 3956 541 4008 με
564 3929 752 3995 πολύπλανοι
775 3929 892 3996 τλοὶνοοι
914 3932 1135 4010 percurrimus.

184 4069 373 4144 τολύτλοονος
406 4073 577 4158 „multum
607 4073 871 4141 circumerrans''
904 4075 942 4142 Io
971 4079 1040 4157 est,
1066 4077 1190 4164 absque
1215 4098 1256 4143 ea

142 4209 185 4275 ad
233 4212 398 4281 actionem
455 4213 628 4296 „undum”
682 4215 882 4299 traiectum,
938 4217 979 4284 cf.
1027 4217 1142 4306 Suppl.
1189 4219 1254 4284 573

143 4353 375 4434 πολύπλαγκτον
420 4354 536 4421 aaran
582 4355 795 4438 οἰστροδόνητον
847 4358 911 4432 Ἰώ,
956 4359 1015 4426 ubi
1048 4359 1145 4445 virgo
1179 4358 1256 4447 ipsa
