3296 5342
906 607 950 680 24

375 802 518 872 cundum
550 826 673 891 genus;
709 825 787 871 nam
822 803 917 870 verbi
953 823 1053 871 causa
1087 803 1131 870 ad
1161 824 1264 869 unam
1288 801 1499 890 eandemque

376 945 516 1013 classem
548 946 657 1013 refert
688 945 738 1010 viv
771 944 927 1020 πανόπτην
961 944 1068 1010 κύκλον
1097 943 1197 1020 ἡλίου,
1222 951 1258 1013 et
1281 944 1405 1031 Agam.
1432 945 1500 1010 743
1546 1031 1549 1035 ¹

375 1085 539 1166 δηξίθυμον
561 1086 664 1169 ἔρωτος
686 1085 788 1160 ἄνθος.

406 1230 645 1322 ¹Artiticiosior
679 1233 905 1322 epithetorum
939 1256 1037 1319 usus,
1068 1237 1109 1300 ut
1131 1232 1183 1300 ita
1208 1253 1386 1320 vocemus,
1407 1230 1501 1320 apud

375 1398 450 1442 eum
484 1397 613 1442 omnem
649 1373 904 1462 explicationem
939 1373 1120 1442 desiderat.
1164 1372 1223 1441 Ad
1257 1374 1345 1440 hunc
1378 1378 1501 1441 autem

374 1540 472 1585 usum
513 1516 597 1584 dicit
637 1539 749 1584 omnes
783 1515 968 1584 locutiones
1002 1515 1205 1602 redigendas
1241 1535 1312 1583 esse
1346 1535 1424 1599 aaa,
1460 1515 1501 1581 in

376 1659 496 1748 quibus
526 1659 700 1727 vertendis
731 1659 905 1748 epitheton
928 1682 1002 1727 cum
1024 1659 1184 1747 genetivo
1205 1659 1415 1746 iungendum
1439 1658 1499 1726 sit.

420 1801 514 1868 Haec
547 1801 620 1869 fere
654 1807 750 1886 sunt,
784 1824 870 1892 quae
902 1801 1102 1890 scriptores,
1128 1824 1209 1891 quos
1231 1799 1500 1885 nominavimus,

376 1945 418 2013 de
451 1944 580 2033 poetico
613 1966 737 2030 genere
768 1944 918 2028 dicendi,
951 1944 1005 2011 cui
1028 1943 1241 2032 grammatici
1263 1967 1383 2012 nomen
1410 1943 1502 2033 ,epi-

376 2088 465 2156 theti
499 2087 729 2156 traiectionis’'
763 2088 820 2158 vel
858 2088 1103 2177 ,hypallages’'
1137 2087 1353 2170 indiderunt,
1389 2086 1502 2155 disse-

376 2235 531 2300 ruerunt.

421 2375 601 2444 Videmus:

422 2519 474 2585 1⁰.
510 2519 659 2586 Tantum
688 2517 737 2583 ibi
763 2514 974 2583 traiectionis
997 2514 1199 2582 mentionem
1222 2514 1314 2598 fieri,
1338 2515 1398 2608 ubi
1423 2516 1502 2582 sub·

396 2722 397 2727 ,
510 2658 660 2728 stantivo
692 2679 779 2740 cum,¹
796 2656 946 2746 epitheto
976 2656 1151 2724 coniuncto
1175 2656 1319 2724 alterum
1344 2657 1505 2724 substan-

510 2801 620 2869 tivum
643 2822 723 2868 casu
747 2800 905 2888 genetivo
928 2799 1035 2883 adsit,
1056 2822 1201 2888 quocum
1217 2799 1337 2866 melius
1359 2798 1404 2866 ad
1426 2823 1504 2867 sen-

510 2966 584 3011 sum
608 2943 782 3032 epitheton
807 2944 975 3012 cohaeret.

422 3087 476 3153 2⁰.
511 3086 624 3174 Ipsam
666 3089 779 3154 autem
819 3087 906 3155 hanc
939 3086 1191 3171 traiectionem,
1227 3107 1327 3175 quam
1361 3090 1499 3171 vocant,

512 3228 734 3316 explicatione
759 3251 870 3317 egere.
895 3267 938 3276 -

424 3370 552 3439 Contra
584 3371 656 3440 illis
691 3372 790 3456 lociS,
825 3371 884 3438 ubi
918 3371 1098 3459 genetivus
1133 3394 1199 3439 non
1234 3370 1348 3453 adest,
1387 3372 1501 3441 multa

378 3513 530 3603 epitheta
560 3514 721 3581 dicuntur
751 3514 802 3581 ita
825 3537 899 3581 cum
923 3514 1147 3583 substantivis
1170 3513 1345 3600 coniungi,
1372 3518 1414 3582 ut
1437 3537 1501 3603 pro

379 3656 546 3743 genetivis
583 3656 872 3724 substantivorum
906 3657 1075 3726 nominum
1110 3656 1221 3745 posita
1245 3656 1330 3724 sint:
1356 3656 1501 3725 eandem

380 3798 468 3866 enim
492 3799 660 3866 notionem
683 3798 939 3884 attributivam‚
972 3822 1058 3890 quae
1082 3799 1321 3867 terminatione
1344 3799 1500 3886 genetivi

380 3940 595 4027 designetur,
620 3939 724 4008 etiam
746 3941 917 4009 adiectiva
939 3942 1048 4010 forma
1075 3941 1231 4009 indicari.

425 4084 492 4168 Qui
527 4083 575 4151 sic
608 4081 790 4171 opinantur
830 4082 858 4169 ¹)
901 4083 1059 4151 nituntur
1101 4085 1272 4153 sententia
1307 4084 1375 4182 viri
1409 4086 1502 4154 docti

423 4287 451 4368 ¹)
471 4289 603 4348 Matthiae
623 4306 669 4362 pg.
693 4288 778 4364 1005,
805 4288 922 4348 Kuhnar
948 4289 980 4346 ΙΙ
999 4306 1045 4363 pg.
1059 4289 1458 4365 222-225,Dettweilerpg.
1470 4292 1500 4362 5,

380 4397 515 4456 Rc'mhold
534 4413 581 4471 pg.
605 4396 669 4468 190,
700 4397 727 4455 J.
750 4397 872 4456 Schmidt
892 4414 938 4471 pg.
962 4396 1008 4454 13.
