3296 5342
915 655 958 720 28

378 848 481 918 tionis
514 851 638 935 forma,
672 854 713 919 nt
730 850 811 917 iam
842 850 986 918 diximus
1018 873 1072 938 pg.
1111 850 1152 917 17
1191 849 1280 917 tales
1314 848 1501 917 locutiones

378 994 414 1060 in
444 999 594 1062 nostram
622 993 776 1082 linguam
807 993 995 1061 transferre
1019 991 1261 1062 consuevimus.
1284 991 1442 1060 Eundem
1462 991 1501 1058 in

378 1137 526 1222 modum,
552 1137 581 1205 si
604 1137 638 1205 J.
663 1137 848 1206 Schmidtio
872 1138 1009 1205 credere
1032 1136 1127 1204 nobis
1150 1137 1248 1221 licet,
1272 1135 1502 1224 interpretan-

378 1281 457 1348 dum
481 1286 534 1349 est
554 1281 632 1348 Hel.
657 1281 721 1348 386
744 1277 932 1362 τεθρίππους
956 1279 1113 1358 ἁμίλλαις,
1138 1280 1226 1369 quod
1247 1301 1304 1368 pg.
1329 1279 1372 1345 12
1396 1278 1501 1346 aliter

378 1423 628 1512 explicavimus.

422 1569 510 1637 Nam
537 1592 574 1636 re
599 1591 679 1637 vera
703 1568 843 1636 difficile
868 1572 921 1636 est
945 1568 1081 1636 credere
1104 1567 1166 1634 hoo
1188 1566 1323 1655 aliaque
1346 1565 1503 1654 exempla

378 1714 468 1802 apud
491 1737 565 1782 eum
589 1714 705 1798 obvia,
731 1717 832 1802 atque
857 1713 961 1780 etiam
984 1712 1095 1780 omnia
1118 1733 1175 1795 ea,
1207 1732 1294 1800 quae
1317 1715 1502 1777 occurrunt

379 1857 468 1945 apud
490 1855 695 1925 Dettweilsr
717 1880 779 1945 pg,
799 1857 837 1940 6,
863 1857 899 1939 7,
932 1878 1006 1922 eam
1029 1845 1501 1941 adiectivcrumpossessivo·
1527 1883 1530 1890 ¹

377 2024 452 2067 rum
494 1999 685 2087 analogiam
728 2006 844 2066 secuta
886 2021 975 2083 esse,
1020 1997 1116 2065 velut
1150 1996 1266 2085 Suppl.
1304 1997 1368 2064 182
1404 1994 1499 2076 ὄχλος

376 2143 572 2224 ὑπασπιστὴς
606 2142 658 2208 aa}
693 2140 861 2218 δορυσσόος,
897 2141 984 2232 quod
1012 2145 1145 2229 poetam
1169 2141 1296 2209 dixisse
1318 2164 1380 2229 pro
1404 2139 1498 2220 ὄχλος

376 2286 608 2368 damnatoriam
631 2285 683 2351 acl
705 2283 864 2367 δορυσσόων
889 2284 1073 2353 existimat.
1097 2285 1163 2352 Hic
1187 2285 1276 2353 enim
1299 2284 1433 2369 accidit,
1457 2287 1500 2350 ut

378 2429 512 2518 saepius
536 2430 627 2518 apud
648 2433 781 2516 poetas,
807 2429 895 2517 quod
919 2427 1022 2496 etiam
1045 2431 1162 2496 nostra
1184 2428 1304 2516 lingua
1322 2428 1498 2516 probatur,

376 2576 417 2638 nt
448 2595 570 2639 nomen
599 2571 813 2640 collectivum
841 2571 991 2660 epitheto
1014 2572 1226 2656 instruatur,
1250 2572 1339 2662 quod
1362 2573 1500 2662 proprie

354 2715 498 2799 detis,
523 2715 642 2805 quibus
666 2715 858 2782 continetur
883 2716 1081 2796 multitud0,
1107 2715 1234 2783 dictum
1258 2721 1319 2784 est.

420 2858 462 2924 ln
485 2859 679 2926 universum
702 2859 800 2926 credo
824 2860 1005 2949 scriptores
1029 2863 1372 2949 commentatoresque
1395 2860 1500 2928 nimis

376 3003 461 3072 hanc
491 3005 657 3072 rationem
679 3003 929 3092 interpretandi
953 3007 1085 3070 secutos
1109 3025 1197 3087 esse,
1221 3007 1262 3069 ut
1285 3001 1498 3088 indicarent,

375 3170 439 3234 quo
481 3149 575 3216 modo
617 3147 705 3216 tales
749 3147 985 3215 vocabulorum
1027 3146 1275 3215 coniunctiones
1310 3147 1499 3216 vertendae

378 3295 507 3373 essent,
550 3295 590 3358 ut
632 3291 742 3359 iustus
782 3313 901 3358 sensus
936 3293 1098 3358 oreretur.
1134 3290 1170 3358 Si
1206 3290 1267 3358 hoo
1299 3290 1498 3380 quaeritur,

377 3419 494 3500 uerum
529 3434 661 3517 dicant,
698 3434 851 3522 epitheta
886 3433 1068 3521 composita
1102 3433 1235 3522 saepius
1269 3434 1321 3501 ita
1355 3433 1498 3502 dissolvi

377 3576 516 3660 debere,
540 3581 581 3644 ut
602 3584 782 3665 utrumque
805 3577 990 3643 membrum
1012 3576 1170 3662 genetivo
1192 3579 1348 3664 ponatur.

422 3718 478 3786 Sic
511 3719 724 3808 explicantur
765 3718 911 3807 Choeph.
946 3719 1011 3785 335
1046 3717 1151 3790 dican
1184 3715 1288 3799 θρῆνος
1324 3741 1386 3807 per
1421 3718 1498 3784 δυοῖν

377 3862 491 3927 screto
521 3860 642 3943 θρῆνος,
672 3863 781 3929 Prom.
809 3863 872 3930 148
896 3861 1169 3938 ἀδαμαντοδέτοισι
1193 3859 1308 3939 λύμαις
1330 3884 1392 3949 per
1417 3861 1497 3930 ada·

375 4001 602 4074 mantinorum
648 4007 858 4073 vinculorum
904 4004 1083 4089 dedecore,
1129 4005 1247 4093 Eurip.
1284 4004 1393 4072 Elect.
1431 4005 1496 4073 126

377 4149 564 4230 πολύδακρυν
598 4148 723 4223 ἁδονάν,
757 4151 942 4218 multarum
975 4149 1192 4217 lacrimarum
1223 4147 1379 4230 delicias,
1412 4146 1496 4214 Eur.

375 4293 418 4361 fr.
452 4294 517 4361 359
550 4291 746 4373 τριπάρθενον
768 4290 874 4370 ζεῦγος
897 4316 958 4381 per
979 4294 1064 4372 τριῶν
1087 4289 1243 4371 παρθένων
1266 4290 1381 4372 ζεῦγος.
1405 4291 1496 4359 Vide

374 4435 577 4504 Dettweiler
595 4459 649 4526 pg.
672 4437 692 4503 8
710 4459 778 4526 sqq.
799 4435 967 4503 Remheld
984 4457 1040 4523 pg.
1062 4435 1134 4503 192.
1157 4435 1189 4504 J.
1205 4433 1358 4502 Schmidt
1367 4456 1425 4522 pg.
1439 4435 1494 4503 19.
