3296 5342
157 835 303 903 sciscere
334 834 455 902 melius
487 835 534 901 sit
561 857 606 901 an
629 833 737 921 gladii
761 832 898 900 auxilio.
930 828 1097 911 Αίμοριίτον
1119 829 1281 915 Hartung

158 977 303 1044 coniecit
333 939 394 1066 pro
421 977 543 1044 codicis
568 976 738 1063 scriptura
761 971 959 1057 λοιμοριίτον,
983 971 1182 1039 vccabulum
1205 995 1283 1038 nus-

157 1141 260 1209 quam
294 1119 378 1186 alibi
411 1119 554 1196 lectum,
585 1119 672 1207 quod
695 1122 878 1205 praeterea
899 1139 973 1182 cum
998 1116 1129 1195 τφοιγῖις
1151 1113 1283 1180 nullum

158 1283 295 1328 sensum
317 1261 470 1349 praebet.
501 1260 578 1326 Non
602 1259 690 1324 enim
714 1258 797 1347 quid
819 1258 866 1325 sit
893 1259 1037 1340 „caedes
1061 1279 1079 1323 e
1102 1256 1185 1341 gula
1208 1278 1282 1343 pro-

158 1403 291 1470 fluens”
329 1403 549 1488 intelligitur.
581 1403 733 1489 Recepta
756 1401 949 1467 coniectura
971 1397 1162 1484 Hartungii
1183 1399 1282 1464 Rem-

158 1544 240 1612 held
262 1568 319 1633 pg.
342 1545 408 1610 202
430 1547 532 1632 putat
554 1539 714 1620 νίμορίτον
737 1543 870 1621 τφοιγῑις
892 1565 954 1630 per
977 1539 1119 1608 alterius
1143 1541 1284 1620 membri

159 1686 406 1753 abundantiam
438 1709 499 1774 prc
533 1682 668 1762 νίμιιτος
701 1685 835 1764 οφονγῖις
867 1684 995 1751 dictum
1018 1705 1107 1764 esse,
1130 1680 1283 1769 nihilque

159 1829 226 1895 nisi
260 1827 439 1914 sanguinis
473 1827 645 1894 notionem
677 1828 832 1916 pluribus
866 1826 979 1895 verbis
1016 1823 1219 1910 significare.
1256 1827 1284 1898 ¹)

160 1970 227 2037 Sed
261 1993 304 2036 ne
340 1969 390 2036 sic
423 1969 558 2058 quidem
580 1971 757 2036 verborum
779 1966 954 2048 ξιφοκτόνον
976 1966 1099 2043 δίογιιοι
1123 1963 1283 2046 ιιίμοριίτον

160 2114 293 2191 σφαγᾶς
324 2132 441 2178 sensus
466 2112 556 2177 clare
580 2112 794 2199 perspicitur.
827 2111 916 2177 Nam
944 2109 1125 2176 insectatio
1149 2107 1285 2193 sangui·

161 2257 229 2338 nis,
262 2221 345 2346 quid
375 2255 441 2322 sibi
471 2256 573 2340 velit,
604 2280 671 2322 non
701 2256 819 2343 liquet.
866 2254 1126 2322 Substantivum
1158 2248 1287 2331 οφοιγοιί

161 2422 299 2467 numero
329 2397 458 2486 plurali
485 2401 512 2476 ²)
546 2397 692 2465 Aristot.
719 2398 764 2464 H.
785 2395 828 2464 A.
854 2399 873 2463 1
899 2423 906 2464 :
932 2398 975 2462 14
1005 2395 1159 2482 iugulum
1182 2393 1285 2480 signi·

163 2545 259 2627 licat,
289 2542 380 2607 κοινόν
410 2541 499 2621 μέρος
529 2540 659 2622 αὐχένος
686 2540 739 2606 καί
762 2539 901 2625 στήθους,
925 2561 993 2628 qua
1016 2537 1162 2625 eorporis
1184 2543 1285 2624 parte

163 2687 320 2754 victimae
354 2685 499 2752 mactari
535 2686 698 2752 solebant.
734 2685 886 2750 Eandem
921 2680 1129 2749 substantivi
1158 2679 1285 2765 signifi-

163 2829 328 2896 cationem
364 2826 406 2894 de
439 2827 629 2894 hominibus
659 2826 821 2893 habemus
855 2824 963 2891 Prom.
995 2825 1060 2890 863
1091 2820 1233 2896 δίθηκτον
1256 2822 1286 2884 ἕν

163 2973 320 3050 σφαγαῖσι
344 2967 484 3048 βοίφοιτοι
506 2966 613 3048 ξίφος,
642 2969 752 3035 Orest.
776 2968 840 3035 291
865 2967 908 3038 είς
930 2965 1063 3046 οφοιγόις
1086 2959 1160 3028 duat
1183 2961 1282 3045 ξίφος,

164 3113 206 3179 cf.
241 3112 347 3179 etiam
381 3111 486 3177 Thuc.
520 3112 643 3176 4:48
674 3109 786 3183 οἰστοὺς
817 3106 865 3182 οὓς
888 3108 1024 3190 όφίετιιν
1047 3109 1148 3172 ἐκεῖνοι
1172 3108 1205 3179 ἐς
1225 3105 1284 3179 τὰς

165 3254 299 3336 οφογίις
331 3250 504 3325 καθιέντες.
535 3252 630 3318 Idem
662 3272 778 3318 sensus
812 3253 849 3317 in
877 3252 1032 3319 Helenae
1054 3250 1126 3316 loeo
1150 3247 1288 3315 admitti

163 3403 292 3484 potest;
322 3416 390 3482 qua
413 3393 661 3480 significatione
686 3403 825 3480 accepta
846 3392 998 3479 intelligi
1019 3397 1148 3480 potest,
1183 3390 1286 3457 libra·

165 3537 250 3604 rium
296 3535 461 3625 aliquem,
508 3534 566 3622 qui
601 3535 743 3600 eundem
787 3557 921 3602 sensum
955 3533 1183 3615 desideraret,
1225 3554 1287 3619 pro

165 3675 325 3758 ιιίμοριίτον
348 3673 529 3756 λοιμοριίτον
551 3674 736 3762 scripsisse.
758 3714 802 3724 -

208 3820 307 3887 Here
342 3817 382 3884 F.
420 3818 506 3886 1193
537 3813 568 3891 ὃς
603 3817 655 3881 ἐντί
691 3816 756 3899 δορὺ
778 3816 996 3897 γιγαντοφόνον
1018 3811 1114 3900 ἦλθε,
1138 3817 1198 3884 ubi
1221 3814 1286 3898 δορί

168 3961 201 4046 (ἱ.
225 3984 253 4028 e.
289 3959 416 4049 pugna)
448 3959 667 4040 γιγαντοφόνον
699 3961 811 4030 active
846 3960 973 4027 dictum
1004 3965 1073 4044 est,
1109 3960 1287 4046 „gigantes

211 4281 239 4356 ¹)
259 4281 296 4340 cf.
316 4283 417 4355 Agam.
439 4280 517 4340 1389
536 4281 659 4348 ίνιφνοιὸν
677 4282 761 4347 ὀξεῖαν
778 4285 886 4347 dicarat
902 4284 1016 4347 σφαγήν.

210 4403 239 4484 ²)
259 4410 352 4474 σοιγιί
371 4405 508 4479 singulari
527 4421 642 4463 numero
660 4404 763 4478 legitur
777 4405 853 4463 Plut.
877 4404 953 4463 caes.
974 4406 1014 4462 60
1033 4402 1126 4461 eodem
1146 4417 1238 4460 sensu.
