3296 5342
924 585 968 651 40

436 773 524 842 Vide
562 775 829 845 Herwerdenum
872 779 915 846 ad
955 778 1043 846 hunc
1082 779 1208 861 locum,
1243 781 1319 869 qui,
1354 781 1499 870 quoniam

392 913 525 996 εὐτρόχῳ
555 918 738 984 absurdum
761 922 822 1003 est,
848 919 972 987 collato
995 921 1118 988 Troad.
1145 923 1231 988 1197
1256 920 1336 996 ἴτυος
1361 923 1390 986 ἐν
1411 921 1501 1003 εὐτόρ·

392 1080 463 1123 νοισι
487 1055 689 1138 περιδρόμοις,
713 1057 831 1140 εὐτόρνιρ
855 1060 1007 1128 coniecit.

436 1199 498 1266 Ion
530 1201 616 1266 1133
651 1201 793 1281 ἀτοίχους
832 1200 1000 1283 περιβολὰς
1032 1202 1250 1281 σκηνωμάτων,
1291 1205 1503 1274 tabernacula

391 1342 557 1429 parietem
579 1367 646 1410 non
667 1343 838 1412 habentia.
868 1345 896 1432 ¹)

438 1483 560 1551 Troad.
586 1485 672 1551 1197
708 1483 784 1557 ἴτυος
819 1487 848 1549 ἕν
879 1484 1033 1566 εὐτόρνοισι
1062 1485 1258 1567 περιδρόμοις.
1281 1485 1339 1553 Ad
1362 1486 1503 1555 eiusdem

394 1626 600 1692 substantivi
645 1627 986 1716 circumscriptionem
1033 1629 1141 1696 servit
1186 1627 1386 1695 vocabulum
1428 1624 1503 1707 ἕδριι,

392 1767 502 1835 Elect.
526 1769 593 1835 458
617 1768 782 1850 περιδρόμῳ
806 1769 883 1844 ἴτυος
906 1768 987 1853 ἕδρρι.

438 1909 559 1977 Bacch.
593 1912 679 1978 1206
702 1913 905 1992 λευκοπήχεσι
933 1916 1040 1993 χειρῶν
1063 1914 1181 1991 οὶκμοιῖς
1205 1913 1248 1980 cf.
1271 1914 1412 1984 Eumen.
1436 1913 1504 1982 369.

394 2049 560 2118 Similiter
583 2052 762 2140 Sophocles
781 2055 819 2121 Ο.
840 2055 882 2122 R.
905 2055 992 2121 1034
1017 2053 1172 2136 διατόρους
1196 2055 1296 2119 ποδοῖν
1318 2056 1446 2132 οὶκμοιῖς.
1469 2091 1506 2102 -

439 2301 469 2366 3.
516 2300 671 2368 Tertium
694 2325 800 2389 genus
823 2303 1033 2392 periphrasis
1057 2308 1127 2387 est,
1158 2305 1247 2392 quod
1273 2304 1374 2372 habet
1395 2326 1507 2392 cogna-

394 2443 520 2510 tionem
576 2444 730 2532 aliquam
770 2469 844 2512 cum
888 2445 1092 2534 pleonasmo.
1150 2447 1258 2534 Saepe
1301 2447 1391 2514 enim
1426 2446 1508 2534 apud

394 2585 542 2672 tragicos
589 2587 836 2673 coniunguntur
882 2588 1114 2672 substantiva,
1162 2610 1248 2676 quae
1282 2596 1409 2656 natura
1442 2595 1509 2656 tan·

394 2728 467 2792 tum
500 2749 606 2814 parvo
640 2727 833 2794 discrimine
868 2729 960 2796 inter
995 2753 1030 2795 se
1065 2729 1246 2813 differunt,
1291 2731 1390 2797 velut
1424 2729 1509 2811 ἔριδος

396 2869 492 2946 dytis,
529 2871 633 2947 οέγῶνοι
666 2869 794 2951 μάχοιο,
830 2868 949 2949 οέγιόνιον
983 2868 1141 2948 όόμιλλοιν,
1178 2879 1270 2948 πῆμοι
1303 2869 1402 2945 νόσου,
1438 2895 1510 2948 συμ-

396 3012 492 3094 copae
536 3017 642 3076 κοινῶν.
700 3014 737 3080 Si
778 3013 952 3104 epitheton
995 3013 1142 3092 accedit,
1180 3015 1282 3080 etiam
1317 3013 1354 3079 in
1388 3014 1510 3082 talibus

394 3154 617 3221 locutionibus
666 3155 838 3243 epitheton
884 3155 1017 3242 saepius
1064 3178 1139 3221 cum
1184 3178 1239 3253 eo,
1293 3157 1381 3244 quod
1429 3154 1511 3244 peri·

396 3298 537 3386 phrasin
559 3299 661 3379 facit,
690 3298 910 3368 consociatur.

440 3440 545 3529 Apud
570 3440 842 3538 Aeschylum
865 3441 1026 3526 legimus:

442 3584 534 3650 Pers.
558 3584 624 3649 543
660 3583 789 3666 λέκτρων
822 3581 902 3646 eduxi
934 3581 1139 3663 οἱβροχίτοινες
1170 3582 1212 3648 cf.
1243 3581 1328 3648 Eur.
1352 3582 1427 3649 Ale.
1451 3581 1514 3648 925

398 3725 527 3806 λέκτρων
561 3725 664 3799 κοίτοις
698 3727 729 3799 ἐς
766 3727 907 3805 ἐρήμους,
953 3726 1053 3793 Hero.
1089 3726 1128 3793 F.
1164 3726 1228 3792 791
1264 3720 1284 3786 ὦ
1319 3725 1445 3807 λέκτρον
1468 3723 1515 3788 δύο

399 3874 555 3944 συγγενεῖς
582 3867 672 3932 εὐνοιό.

400 4037 598 4050 ,.-..-

444 4130 525 4211 1)cf.
542 4133 708 4192 Herwerden
725 4133 758 4192 de
773 4133 826 4192 hoe
843 4133 1047 4210 disputantem,
1057 4134 1121 4208 qui,
1131 4135 1313 4209 quoniamvs.
1326 4133 1402 4194 1158
1419 4135 1516 4199 deuexo

398 4241 464 4301 huic
495 4241 673 4306 tabemaculo
703 4240 822 4315 parietes
852 4240 1027 4318 tribuuntur,
1058 4242 1175 4302 coniecit
1203 4243 1334 4308 ἀνόμοιοι
1360 4242 1424 4301 ise.
1455 4243 1516 4301 sim-

400 4348 495 4422 plices.
