3296 5342
376 823 442 888 869
462 821 671 902 εὐπροσήγορον
699 821 726 906 ¹)
751 817 863 896 στόμοι.
886 819 995 886 Prom.
1017 819 1082 886 319
1102 815 1184 896 όογοον
1207 817 1353 897 ὑψῆγορον
1376 815 1496 894 σσόμοι,

380 1015 394 1047 „
406 949 690 1053 1111311111111111”.’

419 1108 600 1182 γλῶσσοι,
633 1106 754 1192 lingua
789 1106 937 1188 seilicet,
987 1109 1154 1192 quatenus
1188 1102 1251 1170 illa
1285 1103 1414 1169 utimur
1448 1104 1495 1170 lo-

1623 741 1625 870 l

377 1251 527 1337 quentes,
555 1248 676 1334 Agam.
701 1249 765 1315 636
789 1246 975 1327 κοικοοργέλῳ
998 1245 1135 1329 νλιόσσρ,
1163 1244 1280 1330 „mula
1303 1245 1497 1328 nuntians“‚
1627 1237 1628 1246 ¹

377 1390 493 1479 Suppl.
526 1392 591 1457 948
625 1388 660 1466 ἐξ
687 1388 940 1471 ἐλευθεροστόμου
963 1389 1121 1467 γλώσσης,
1157 1388 1280 1475 Agam.
1308 1388 1395 1470 1399
1419 1385 1499 1452 &otv-
1628 1381 1629 1384 ¹

377 1530 518 1612 μόζομέν
549 1555 599 1596 σου
633 1537 777 1609 γλῶσσαν
811 1533 848 1605 ὡς
878 1529 1091 1612 θρασύστομος
1115 1531 1186 1598 scil.
1210 1529 1278 1594 ἐστι’
1284 1555 1298 1604 ,“
1317 1530 1354 1596 in
1377 1527 1499 1619 quibus

378 1675 538 1762 exemplis
571 1675 739 1763 posterior
767 1699 847 1764 pars
879 1675 1051 1763 compositi
1086 1675 1225 1741 eandem
1259 1675 1331 1742 fere
1369 1673 1500 1760 signifi·
1630 1673 1631 1676 ’

378 1821 542 1883 rationem
583 1817 688 1884 habet
722 1839 761 1883 ao
794 1816 1008 1899 vocabulum,
1052 1815 1107 1883 eui
1141 1816 1315 1903 epitheton
1350 1815 1500 1883 additur.

378 1959 500 2026 Baeeh.
524 1960 590 2027 268
616 1958 757 2039 εὔτροχον
779 1964 921 2037 γλῶσσοιν
944 1957 1041 2039 ἔχεις.

421 2095 568 2183 κοιρδιόο
604 2101 726 2188 (κροδίοι
759 2103 795 2170 in
828 2104 975 2170 numeris
1011 2102 1217 2189 dactylicis).
1254 2100 1379 2188 Agam.
1412 2103 1499 2169 1402

378 2243 514 2325 οὶσρέσσῳ
536 2244 657 2330 κοιρδίρ,
681 2246 774 2334 Sept.
799 2247 863 2312 781
888 2244 1058 2329 μαινομένιρ
1077 2244 1196 2329 κροιδόρι,
1216 2246 1258 2312 ef.
1281 2245 1499 2324 1111111433,

378 2386 513 2475 Hippol.
536 2388 632 2454 1274.

422 2527 536 2602 πούς.
583 2531 693 2599 Orest.
720 2532 806 2598 1290
833 2529 902 2595 rod>
925 2528 1091 2612 βοηδρόμῳ.

423 2672 477 2738 Ex
510 2672 564 2738 his
599 2673 777 2761 exemplis,
813 2673 966 2763 quamvis
1000 2673 1111 2740 multa
1140 2691 1254 2739 eorum
1286 2672 1334 2739 sio
1356 2673 1394 2739 in
1418 2696 1501 2741 com·

378 2837 511 2898 munem
544 2839 642 2883 usum
676 2817 839 2901 abierint,
882 2821 923 2883 ut
956 2816 1216 2884 translationem
1252 2838 1319 2882 non
1355 2815 1502 2904 amplius

378 2957 573 3042 sentiamus,
599 2965 714 3026 tamen
735 2959 887 3045 intelligi
908 2967 1050 3048 possunt
1072 2958 1154 3025 illae
1177 2958 1313 3026 maioris
1337 2958 1501 3026 audaciae

376 3099 578 3184 locutiones,
612 3101 648 3166 in
690 3101 811 3190 quibus
851 3104 967 3189 partes
1009 3101 1156 3189 eorporis
1190 3101 1300 3189 ipsum
1334 3101 1501 3168 hominem

380 3241 576 3330 designant,
612 3244 701 3311 unde
725 3244 781 3325 fit,
814 3250 854 3311 ut
883 3268 957 3311 cum
980 3244 1032 3311 his
1057 3243 1211 3332 epitheta
1234 3243 1499 3331 coniungantur,

380 3409 466 3474 quae
487 3386 622 3474 proprie
645 3387 690 3454 ad
712 3409 871 3475 personas
893 3387 1097 3475 pertineant.

425 3527 528 3617 Apud
550 3529 819 3615 Aeschylum
847 3529 1054 3599 invenimus:

426 3672 518 3759 Sept.
544 3673 609 3739 932
644 3672 669 3736 ol
699 3672 725 3735 δ’
750 3667 798 3735 ὧδ’
831 3670 1035 3736 ἕτελεόσοοσοιν
1067 3672 1118 3736 ὑπ’
1144 3669 1367 3751 ἀλλαλοφόνοις
1397 3669 1502 3751 χερσ1ν

379 3815 593 3895 ὁμοσπόροισιν.

426 3956 650 4038 οὶλλοιλοφόνοι,
685 3956 842 4039 ὁμόσποροι
876 3960 1010 4046 proprie
1041 3956 1106 4045 ipsi
1138 3957 1246 4023 frates
1271 3960 1359 4040 sunt,
1384 3955 1426 4023 ef.
1451 3978 1500 4024 vs.

381 4155 591 4166 ———

427 4280 455 4354 1)
486 4280 520 4339 of.
554 4281 616 4339 Alo.
649 4277 705 4338 775
727 4283 902 4348 εόπροσηρορρ
928 4284 999 4349 φρενί
1021 4275 1151 4347 «animo,
1180 4278 1229 4352 qui
1256 4277 1382 4337 libenter.
1411 4293 1484 4336 oom-

383 4388 511 4460 pellatur.
