3296 5342
933 597 976 662 78

444 797 568 863 Phoen.
583 797 647 862 789
673 794 758 896 ἀλλά
778 793 828 857 σὺν
848 791 1005 872 ότλοφόριρ
1025 792 1152 874 στρατὸν
1172 790 1318 874 Ἀργείων
1339 792 1520 864 ἐπιπνεύσας

535 938 656 1021 ᾅσματι
681 936 817 1013 Θήβαις,

533 1084 631 1158 κῶμον
654 1077 859 1143 ἀναυλότατον
883 1077 1093 1158 προχορεύεις,

534 1223 593 1287 οὐδ’
617 1222 674 1285 ὑπὸ
699 1220 887 1303 θυρσομανεῖ
907 1219 1051 1299 νεβρίδων
1074 1219 1160 1297 μέτα
1184 1217 1305 1293 δινεόεις
1330 1244 1401 1310 sqq.

446 1367 567 1450 ᾄσματι
599 1365 753 1431 Badham
777 1367 813 1429 et
834 1363 956 1430 Nauck
979 1363 1131 1429 scribunt
1159 1365 1187 1438 ¹)
1223 1385 1283 1450 pro
1307 1386 1368 1430 ms.
1392 1361 1521 1441 αἵματι,

398 1509 488 1597 quod
529 1507 661 1572 nullum
696 1528 827 1572 sensum
861 1506 1013 1591 praebet.
1061 1503 1196 1590 Optime
1238 1504 1324 1572 haee
1364 1505 1522 1574 eorrectio

401 1649 549 1738 quadrat
572 1671 645 1715 oum
670 1644 875 1710 ἀναυλότατον
897 1649 994 1722 κῶμον
1018 1652 1053 1712 et
1076 1642 1279 1727 θυρσομανεῖ,
1315 1648 1371 1715 oui
1405 1647 1522 1730 ᾄσματι

402 1789 626 1878 supplendum
654 1792 716 1862 est.

448 1933 634 2020 Epitheton
657 1930 814 2011 ότλοφόρῳ
836 1931 1018 1998 traiectum
1042 1953 1114 1998 esse
1138 1932 1327 2019 putandum
1347 1936 1417 2016 est,
1438 1933 1521 2021 quod

405 2074 460 2141 hie
492 2097 559 2140 non
589 2074 714 2141 maiore
747 2073 890 2140 audacia
913 2073 969 2155 fit,
994 2097 1095 2161 quam
1116 2074 1188 2140 loeo
1211 2073 1408 2161 Aeschyleo
1433 2074 1520 2164 Sept.

405 2217 472 2282 348
496 2213 625 2295 βλάχαι
648 2213 854 2292 αἱματόεσσαι
876 2217 1080 2296 ἀρτιτρεφεῖς.
1105 2256 1147 2262 -—

401 2442 411 2492 i

450 2458 752 2567 i.‘Traieotio
783 2500 834 2567 ad
864 2523 1009 2582 vooeS,
1034 2522 1143 2588 quae
1171 2501 1393 2586 „animum‚
1422 2524 1523 2585 „oon-

407 2644 585 2711 silium”
618 2644 898 2729 significant.

452 2928 556 3018 Apud
578 2929 850 3015 Aeschylum
872 2928 1052 3013 leguntur:

453 3071 598 3159 Choeph.
623 3072 688 3137 626
711 3069 960 3147 γυναικοβούλους
984 3070 1117 3147 μήτιδας
1141 3074 1262 3151 φρενῶν.

454 3212 537 3279 Cum
571 3213 802 3290 νυναικόβουλος
836 3213 877 3279 oi.
909 3213 1031 3298 Agam.
1057 3213 1096 3278 11
1123 3174 1330 3293 ἀνδρόβουλοςΙ
1346 3214 1395 3300 ¹),
1431 3237 1525 3303 quam

408 3357 450 3421 oh
486 3378 558 3421 rem
592 3354 742 3421 Diodori
768 3354 941 3442 epitheton
972 3355 1060 3422 male
1094 3355 1230 3443 passive
1261 3356 1523 3445 inte1pretatur:

413 3519 454 3582 „a
475 3496 616 3563 muliere
640 3495 884 3580 excogitatus''.
910 3534 951 3541 -

454 3641 564 3707 Prom.
608 3641 672 3706 602
712 3639 812 3720 Ἥρας
853 3639 1017 3728 ἐπικότοισι
1058 3639 1167 3716 μόδεσι
1208 3639 1365 3716 δαμεῖσα,
1403 3639 1525 3725 „iratis

411 3785 551 3852 Iunonis
574 3783 723 3850 consiliis
745 3781 975 3871 perdomita''.

457 4137 485 4217 ¹)
516 4138 673 4197 Wecklein:
703 4145 749 4194 σὸν
773 4145 903 4210 ὁπλοφόρῳ
931 4145 1067 4212 σάγματι,
1093 4157 1211 4214 quocum
1241 4142 1383 4214 (eomparat
1413 4147 1525 4195 τάνοισλα

410 4250 607 4316 ἀμφιβλήματα
627 4246 730 4304 Phoen.
752 4263 792 4305 vs.
814 4247 881 4305 779.

456 4353 483 4427 2ρ
514 4353 584 4412 Vide
603 4370 649 4426 pg.
673 4353 720 4411 73.
