3296 5342
936 623 979 689 90

445 815 538 904 Sept.
575 818 639 883 127
672 810 693 880 ὦ
728 817 869 894 noyon
903 814 1085 900 Φολόμοοχον
1119 811 1230 895 κροὶτος
1267 814 1321 900 (de
1353 813 1522 896 Minerva)

399 956 423 1023 i.
447 980 474 1025 e.
499 951 520 1019 ὦ
544 959 686 1035 Δοονενὲς
710 957 878 1039 Φολόμοοχε
901 956 1057 1038 κροὶτοστε.
1307 919 1313 933 ⁸

446 1098 682 1180 Φρούρνμα
711 1101 758 1187 1);
799 1100 892 1188 Sept.
924 1102 990 1167 449
1021 1098 1215 1179 Πολυφόντου
1248 1097 1323 1176 βία,
1355 1097 1522 1179 φερέγγυον

402 1239 573 1326 Φρούρνμοο,
594 1242 635 1308 cf.
648 1243 787 1310 Eumen.
813 1245 888 1310 685.
907 1243 1080 1310 'Similiter
1100 1241 1255 1323 φρούροον,
1276 1242 1364 1330 quod
1383 1242 1520 1308 Eumen.

402 1386 467 1451 718
502 1385 612 1468 locus,
648 1385 706 1474 qui
740 1386 948 1470 custoditur,
981 1386 1122 1452 Eumen.
1156 1360 1221 1452 949
1254 1385 1295 1451 de
1317 1384 1521 1465 hominibuS,

403 1527 461 1615 qui
495 1528 604 1594 locum
635 1528 847 1611 custodiunt,
879 1521 1385 1615 ιοοιονρα1ιονεῆοο1δάκούεοε,
1410 1523 1522 1594 πόλεως

404 1667 554 1750 Φρούροονς
591 1681 625 1737 et
656 1667 737 1751 ἕρκος
769 1693 787 1736 e
817 1669 951 1738 notione
982 1668 1183 1736 munimenti
1205 1667 1334 1735 transit
1356 1667 1401 1734 ad
1424 1666 1523 1752 signi·

404 1811 596 1880 ficationem
630 1813 718 1896 eius,
751 1813 809 1900 qui
838 1813 1046 1879 munimento
1081 1818 1151 1897 est,
1188 1809 1312 1897 Agam.
1336 1810 1402 1876 257
1432 1807 1524 1886 μαίας

405 1951 599 2034 μονόφρουρον
621 1951 719 2036 ἕρκος,
751 1954 839 2042 quod
862 1954 904 2021 de
928 1952 1187 2040 Clytaemestra
1210 1952 1349 2019 dicitur.

450 2092 701 2172 δούλευμαε
748 2096 866 2184 Eurip.
899 2096 961 2163 Ion
992 2097 1057 2162 748
1080 2101 1240 2172 woroime,
1273 2094 1360 2158 ἱστῶν
1390 2117 1442 2158 καο
1464 2090 1523 2172 κὲρ·

404 2235 484 2308 κοδος
507 2234 661 2314 δούλευμα
685 2236 807 2312 utorio,
831 2239 854 2303 i.
878 2261 906 2304 e.
932 2236 1040 2302 πισταὶ
1065 2238 1180 2301 δοῦλαο.

451 2387 486 2442 Μ
500 2378 513 2442 ε’
527 2402 563 2460 ρο
575 2402 661 2456 μνοο
701 2381 837 2469 proprie
873 2403 972 2463 cura,
1010 2380 1203 2448 sollicitudo
1238 2381 1394 2446 concreto
1429 2399 1527 2443 sensu

393 2523 496 2604 ciue,
531 2522 626 2589 cuius
662 2545 742 2589 cura
775 2529 947 2606 tenemur,
983 2523 1042 2610 qui
1076 2543 1178 2588 curae
1209 2520 1313 2588 alicui
1345 2523 1414 2604 est,
1445 2519 1527 2584 item

405 2662 505 2736 κακοί,
526 2664 703 2732 invenitur
726 2665 768 2732 de
791 2665 956 2752 Polynice
980 2669 1082 2754 atque
1105 2664 1260 2732 Eteocle:

404 2851 408 2860 ι
454 2807 546 2895 Sept.
570 2807 953 2890 8291οο1ρῖρέρμοοοο,
977 2806 1176 2887 δοδυμανορέοο
1198 2805 1281 2870 κοινοὶ
1305 2803 1476 2887 οούνοφόνα.Ι
1493 2804 1529 2872 Si

408 2972 491 3017 vera
514 2949 598 3017 haec
622 2954 675 3018 est
697 2951 808 3032 lectio
825 2952 854 3038 ²)
890 2949 1091 3030 δοδυμοονορέα
1113 2948 1196 3013 κακδο
1218 2946 1376 3029 αὐτοφόνα
1398 2947 1528 3035 poetice

409 3091 536 3159 dictum
570 3097 623 3160 est
656 3117 717 3181 pro
748 3093 872 3170 δίδυμον
895 3092 998 3172 ἄνδρες
1020 3098 1119 3164 κακῶς
1142 3093 1294 3166 ἀλλήλους
1318 3090 1526 3172 Φονεύσαντες.

452 3230 536 3298 κακοὶ
563 3234 591 3321 8)
624 3234 733 3321 igitur
755 3236 821 3324 ipsi
844 3203 970 3303 fratres
994 3235 1185 3302 miserrima
1208 3236 1310 3302 caede
1332 3233 1528 3323 interempti

410 3377 637 3465 appellantur,
662 3385 702 3446 ut
725 3378 817 3466 Sept.
836 3380 902 3445 984
923 3376 1051 3442 δύσνουν
1073 3377 1154 3452 κήδε’
1179 3376 1325 3455 ὁμώνυμα
1349 3379 1390 3445 de
1410 3377 1529 3444 iisdem

409 3517 549 3585 Eteocle
573 3522 674 3607 utque
696 3519 861 3606 Polynice
879 3520 1019 3606 legitur.
1051 3519 1154 3587 Falso
1177 3520 1382 3588 Dettweiler
1405 3520 1529 3609 aliique

454 3809 482 3888 1)
512 3814 596 3887 Apud
624 3814 784 3889 Euripidem
810 3819 939 3884 φρούρημα
969 3818 1094 3874 concreto
1118 3832 1202 3874 sensu
1222 3814 1326 3888 legitur
1345 3814 1434 3873 Eloct.
1460 3813 1528 3874 798:

409 3918 524 3980 λόγχας,
543 3915 670 3968 δεσπότου
688 3917 864 3981 φρουρήματα.

452 4037 481 4117 2)
511 4040 678 4099 Hermann:
699 4043 787 4108 δίδυμ’
804 4047 933 4111 ἀγρονόμον
951 4041 1057 4117 (fortia)
1079 4046 1156 4097 κακά.

451 4175 478 4246 ³)
499 4174 590 4233 Aliter
615 4175 715 4248 Agam.
744 4174 819 4234 1091
842 4179 972 4242 αὐτοφόνα
989 4181 1055 4230 καοοδι
1072 4182 1213 4242 καρατόμα,
1241 4174 1313 4248 quod
1333 4173 1431 4233 86111111
1450 4173 1528 4247 pocla

406 4297 456 4356 pro
473 4284 619 4353 αὖτοφονία,
636 4289 788 4354 καρατομία,
805 4285 837 4340 ut
850 4285 949 4336 δούλιον
966 4285 1031 4350 ἦμαρ
1047 4282 1119 4340 idem
1137 4284 1180 4340 eil
1199 4281 1272 4355 quod
1291 4283 1406 4352 δουλεία,
1423 4279 1456 4339 de
1475 4293 1526 4353 quo

406 4387 468 4446 vide
489 4405 536 4462 pg.
559 4389 596 4446 15
618 4405 678 4462 sqq.
