3296 5342
926 617 1029 699 aa

383 830 510 898 dictum
543 830 584 897 de
617 827 752 896 feminis
782 828 980 910 Persarum,
1010 849 1096 916 quae
1120 827 1319 896 maritorum
1346 831 1508 914 experhes

382 972 420 1039 in
452 969 567 1059 patria
600 969 848 1059 relinquuntur.
882 970 934 1037 De
969 969 1120 1057 epitheto
1155 966 1291 1049 Φιλάνορ
1313 968 1353 1036 cf.
1377 966 1509 1055 Agam.

382 1115 448 1182 411
483 1113 578 1194 λέχος
610 1112 662 1177 nal
695 1111 796 1190 στίβοι
825 1109 985 1192 Φιλάνορες
1016 1111 1057 1179 de
1079 1111 1228 1195 Helena,
1264 1110 1341 1178 vide
1364 1131 1420 1198 pg.
1446 1111 1505 1188 61,

384 1263 420 1325 ei
441 1257 522 1325 ibid.
545 1258 610 1324 856
645 1254 713 1329 τοὺς
736 1253 903 1336 Φιλάνορος
925 1253 1051 1334 τρόπους
1073 1255 1114 1320 de
1138 1253 1401 1342 Clytaemestra.
1438 1253 1507 1341 Op-

383 1399 529 1488 positum
551 1403 604 1466 est
626 1395 798 1478 ττυράνυρ,
820 1397 931 1464 Prom.
955 1397 1023 1464 724
1038 1393 1216 1475 Ἀμοοζάνυν
1236 1395 1362 1476 οτροιτδν
1382 1393 1505 1472 στυγά-

383 1565 467 1623 νοροο,
502 1544 538 1608 et
570 1536 761 1620 άοτερράνονρ
789 1537 871 1604 ibid.
895 1540 961 1606 898
985 1537 1382 1639 άττεργάνοροιπνιρθενίοον
1404 1540 1507 1613 Ἰοῦς,

384 1705 469 1773 quae
493 1682 645 1770 epitheta
669 1682 740 1750 sola
763 1681 853 1769 apud
875 1679 1088 1767 Aeschylum
1110 1682 1284 1768 leguntur.

427 1823 551 1912 Agam.
587 1825 673 1891 1478
708 1821 776 1904 ἔρως
810 1821 1050 1902 οιὶμοιτολοιχάς,
1090 1824 1316 1910 „sanguinem
1345 1824 1505 1912 lingens''

384 1967 480 2035 Idem
503 1967 574 2034 fere
599 1970 653 2034 est
675 1963 899 2046 οἱμυτορρόφος
921 1965 1061 2032 Eumen.
1087 1967 1161 2049 193,
1185 1965 1291 2033 leonis
1314 1966 1505 2054 epitheton.

427 2108 551 2175 Phoen.
585 2076 654 2174 330
687 2104 781 2172 πόθον
814 2105 1046 2187 ἀμφιδάκρυτον
1077 2105 1125 2170 alal
1159 2105 1311 2188 κοιτὲχυν.
1359 2109 1504 2197 Proprie

388 2249 532 2335 „mullas
553 2249 711 2317 lacrimae
738 2249 896 2317 habens''.

433 2391 668 2479 „Gaudium”.

430 2534 610 2623 Complura
634 2533 786 2621 exempla
809 2532 899 2621 apud
922 2533 1121 2620 Euripidem
1143 2533 1385 2602 inveniuntur:

430 2678 532 2744 Herc.
555 2677 595 2742 F.
620 2677 684 2743 385
715 2676 893 2758 άνδροβράτι
917 2681 1127 2756 χάρμοννιῖοιν.
1162 2675 1213 2743 Cf.
1237 2677 1278 2744 fr.
1303 2678 1367 2744 541
1400 2679 1503 2758 άνδρο-

387 2820 507 2902 βρῶτοις
528 2819 642 2895 ἡδονάς.

430 2963 552 3032 Bacch.
578 2965 642 3030 139
665 2961 832 3044 ὠμοφάγον
855 2961 956 3043 χάριν.

431 3107 555 3174 Phoen.
579 3108 644 3173 337
667 3105 841 3170 παιδοποιὸν
864 3103 982 3171 άδονάν.
1013 3107 1041 3190 ¹)

432 3249 494 3314 Ion
525 3249 591 3315 664
620 3245 759 3327 βουθύτῳ
790 3245 840 3311 σὺν
854 3217 971 3328 ἡδονῇ,
1006 3246 1093 3335 quod
1123 3270 1189 3313 non
1219 3248 1365 3314 multum
1388 3248 1501 3315 differt

389 3413 411 3458 a
431 3391 567 3458 notione
594 3387 803 3475 „dovhoola'’,
826 3389 904 3458 vide
927 3412 983 3476 pg.
1009 3389 1051 3455 13
1076 3412 1145 3477 sqq.

431 3535 556 3602 Phoen.
581 3534 647 3600 314
676 3531 870 3597 πολυέλικτον
892 3531 995 3606 ἡδονάν
1018 3532 1114 3595 ἐκεῖσε
1137 3529 1188 3596 nal
1211 3531 1244 3596 τδ
1267 3531 1349 3613 δεῦρο
1374 3554 1500 3614 περιχο-

390 3674 521 3756 ρεάουτοι.
555 3639 558 3646 ¹

435 3816 629 3890 πολυέλικτος
673 3817 842 3902 „multum
882 3817 1041 3884 salians”
1076 3818 1211 3906 proprie
1251 3819 1295 3886 ad
1329 3839 1502 3907 personam

391 3957 568 4045 (Iocashen)
597 3959 757 4048 pertinet.
791 3958 922 4025 Deinde
951 3959 1148 4023 πολυέλικτον
1170 3958 1273 4035 ἡδονάν
1295 3961 1425 4028 transit
1449 3958 1500 4046 (cf.

390 4102 451 4168 Ion
497 4102 563 4167 664
608 4098 748 4182 βουθύτῳ
792 4098 843 4163 σὺν
889 4101 983 4182 ἡδονῇ)
1030 4101 1067 4168 in
1110 4101 1294 4190 simplicem
1339 4102 1503 4168 notionem

435 4396 460 4468 ¹)
481 4397 614 4456 Androm.
634 4398 653 4456 4
674 4399 756 4466 δάμαρ
773 4399 922 4460 παιδοποιός.
