<?xml version="1.0" encoding="UTF-8"?>
<!DOCTYPE html PUBLIC "-//W3C//DTD XHTML 1.0 Transitional//EN"
    "http://www.w3.org/TR/xhtml1/DTD/xhtml1-transitional.dtd">
<html xmlns="http://www.w3.org/1999/xhtml" xml:lang="en" lang="en">
 <head>
  <title>
</title>
<meta http-equiv="Content-Type" content="text/html;charset=utf-8" />
  <meta name='ocr-system' content='tesseract 3.04.00' />
  <meta name='ocr-capabilities' content='ocr_page ocr_carea ocr_par ocr_line ocrx_word'/>
</head>
<body>
  <div class='ocr_page' id='page_1' title='image "./quaestionesdeep00anrogoog_0024.png"; bbox 0 0 3296 5342; ppageno 0'>
   <div class='ocr_carea' id='block_1_1' title="bbox 691 655 730 722">
    <p class='ocr_par' dir='ltr' id='par_1_1' title="bbox 691 655 730 722">
     <span class='ocr_line' id='line_1_1' title="bbox 691 655 730 722; baseline 0 0"><span class='ocrx_word' id='word_1_1' title='bbox 691 655 730 722; x_wconf 92' lang='lat'><strong>11</strong></span> 
     </span>
    </p>
   </div>
   <div class='ocr_carea' id='block_1_2' title="bbox 137 846 1268 1365">
    <p class='ocr_par' dir='ltr' id='par_1_2' title="bbox 137 846 1268 1365">
     <span class='ocr_line' id='line_1_2' title="bbox 140 846 1265 931; baseline -0.007 -13"><span class='ocrx_word' id='word_1_2' title='bbox 140 849 208 918; x_wconf 83' lang='lat'><strong>179</strong></span> <span class='ocrx_word' id='word_1_3' title='bbox 251 855 454 928; x_wconf 69' lang='grc' dir='ltr'><strong>παλαιγενεῖς</strong></span> <span class='ocrx_word' id='word_1_4' title='bbox 495 856 617 931; x_wconf 79' lang='grc' dir='ltr'><strong><em>Μοῖραν,</em></strong></span> <span class='ocrx_word' id='word_1_5' title='bbox 659 851 748 918; x_wconf 86' lang='lat' dir='ltr'><strong>Med.</strong></span> <span class='ocrx_word' id='word_1_6' title='bbox 790 851 855 917; x_wconf 84' lang='lat'><strong>421</strong></span> <span class='ocrx_word' id='word_1_7' title='bbox 899 848 1109 928; x_wconf 68' lang='grc' dir='ltr'><strong>παλαιγενέων</strong></span> <span class='ocrx_word' id='word_1_8' title='bbox 1143 846 1265 921; x_wconf 69' lang='grc' dir='ltr'><strong><em>ἀοιδᾶν,</em></strong></span> 
     </span>
     <span class='ocr_line' id='line_1_3' title="bbox 137 988 1266 1074; baseline -0.003 -16"><span class='ocrx_word' id='word_1_9' title='bbox 137 991 269 1060; x_wconf 79' lang='lat' dir='ltr'><strong>Troad.</strong></span> <span class='ocrx_word' id='word_1_10' title='bbox 288 993 356 1060; x_wconf 85' lang='lat'><strong>488</strong></span> <span class='ocrx_word' id='word_1_11' title='bbox 376 990 583 1071; x_wconf 74' lang='grc' dir='ltr'><strong><em>πρεσβυγενὲς</em></strong></span> <span class='ocrx_word' id='word_1_12' title='bbox 605 990 745 1074; x_wconf 77' lang='grc' dir='ltr'><strong><em>Πρίαμε,</em></strong></span> <span class='ocrx_word' id='word_1_13' title='bbox 763 992 886 1060; x_wconf 89' lang='lat' dir='ltr'><strong>Bacch.</strong></span> <span class='ocrx_word' id='word_1_14' title='bbox 908 993 972 1060; x_wconf 88' lang='grc'><strong>117</strong></span> <span class='ocrx_word' id='word_1_15' title='bbox 991 988 1266 1072; x_wconf 73' lang='grc' dir='ltr'><strong><em>θνλυγενὴςίχλες</em></strong></span> 
     </span>
     <span class='ocr_line' id='line_1_4' title="bbox 139 1132 1268 1224; baseline -0.004 -23"><span class='ocrx_word' id='word_1_16' title='bbox 139 1133 190 1218; x_wconf 80' lang='lat' dir='ltr'><strong>(of</strong></span> <span class='ocrx_word' id='word_1_17' title='bbox 210 1133 335 1202; x_wconf 87' lang='lat' dir='ltr'><strong>Aesoh.</strong></span> <span class='ocrx_word' id='word_1_18' title='bbox 355 1135 470 1224; x_wconf 83' lang='lat' dir='ltr'><strong>Suppl.</strong></span> <span class='ocrx_word' id='word_1_19' title='bbox 491 1137 535 1204; x_wconf 76' lang='lat'><strong>29</strong></span> <span class='ocrx_word' id='word_1_20' title='bbox 558 1132 711 1213; x_wconf 70' lang='grc' dir='ltr'><strong><em>θηλυγενῆ</em></strong></span> <span class='ocrx_word' id='word_1_21' title='bbox 733 1135 863 1222; x_wconf 81' lang='grc' dir='ltr'><strong><em>πτίλον),</em></strong></span> <span class='ocrx_word' id='word_1_22' title='bbox 886 1135 968 1203; x_wconf 89' lang='lat' dir='ltr'><strong>ibid.</strong></span> <span class='ocrx_word' id='word_1_23' title='bbox 990 1136 1076 1204; x_wconf 81' lang='lat'>1156</span> <span class='ocrx_word' id='word_1_24' title='bbox 1095 1132 1268 1212; x_wconf 67' lang='grc' dir='ltr'><strong><em>θηλυγενὴς</em></strong></span> 
     </span>
     <span class='ocr_line' id='line_1_5' title="bbox 137 1275 1264 1365; baseline -0.005 -15"><span class='ocrx_word' id='word_1_25' title='bbox 137 1276 253 1350; x_wconf 51' lang='lat' dir='ltr'><strong>mit,</strong></span> <span class='ocrx_word' id='word_1_26' title='bbox 289 1277 347 1345; x_wconf 91' lang='lat' dir='ltr'><strong>Or.</strong></span> <span class='ocrx_word' id='word_1_27' title='bbox 383 1279 448 1345; x_wconf 84' lang='lat'><strong>396</strong></span> <span class='ocrx_word' id='word_1_28' title='bbox 486 1277 549 1342; x_wconf 73' lang='grc' dir='ltr'><strong>ἀπὸ</strong></span> <span class='ocrx_word' id='word_1_29' title='bbox 575 1275 720 1356; x_wconf 81' lang='grc' dir='ltr'><strong><em>θευγίνυν</em></strong></span> <span class='ocrx_word' id='word_1_30' title='bbox 746 1276 857 1357; x_wconf 81' lang='grc' dir='ltr'><strong><em>γνίμυν</em></strong></span> <span class='ocrx_word' id='word_1_31' title='bbox 888 1278 942 1364; x_wconf 85' lang='lat' dir='ltr'><strong>(ex</strong></span> <span class='ocrx_word' id='word_1_32' title='bbox 974 1277 1099 1346; x_wconf 82' lang='lat' dir='ltr'><strong>divinia</strong></span> <span class='ocrx_word' id='word_1_33' title='bbox 1122 1276 1264 1365; x_wconf 74' lang='lat' dir='ltr'><strong>nuptiis)</strong></span> 
     </span>
    </p>
   </div>
   <div class='ocr_carea' id='block_1_3' title="bbox 136 1385 1267 1792">
    <p class='ocr_par' dir='ltr' id='par_1_3' title="bbox 136 1385 1267 1792">
     <span class='ocr_line' id='line_1_6' title="bbox 139 1385 1264 1510; baseline 0.007 -27"><span class='ocrx_word' id='word_1_34' title='bbox 139 1419 326 1506; x_wconf 85' lang='lat' dir='ltr'><strong>composita</strong></span> <span class='ocrx_word' id='word_1_35' title='bbox 358 1419 447 1486; x_wconf 90' lang='lat' dir='ltr'><strong>nihil</strong></span> <span class='ocrx_word' id='word_1_36' title='bbox 481 1443 502 1487; x_wconf 90' lang='lat' dir='ltr'><strong>a</strong></span> <span class='ocrx_word' id='word_1_37' title='bbox 538 1421 746 1510; x_wconf 81' lang='lat' dir='ltr'><strong>simplicibus</strong></span> <span class='ocrx_word' id='word_1_38' title='bbox 782 1419 934 1494; x_wconf 73' lang='grc' dir='ltr'><strong><em>παλαιὸς,</em></strong></span> <span class='ocrx_word' id='word_1_39' title='bbox 964 1416 1118 1499; x_wconf 80' lang='grc' dir='ltr'><strong><em>πρέσβυς,</em></strong></span> <span class='ocrx_word' id='word_1_40' title='bbox 1149 1385 1264 1493; x_wconf 70' lang='grc' dir='ltr'><strong><em>θῆλυς,</em></strong></span> 
     </span>
     <span class='ocr_line' id='line_1_7' title="bbox 136 1556 425 1633; baseline 0.021 -10"><span class='ocrx_word' id='word_1_41' title='bbox 136 1556 223 1633; x_wconf 77' lang='grc' dir='ltr'><strong><em>θεῖος</em></strong></span> <span class='ocrx_word' id='word_1_42' title='bbox 249 1560 425 1630; x_wconf 85' lang='lat' dir='ltr'><strong>differunt.</strong></span> 
     </span>
     <span class='ocr_line' id='line_1_8' title="bbox 183 1681 1267 1792; baseline -0.003 -23"><span class='ocrx_word' id='word_1_43' title='bbox 183 1703 341 1792; x_wconf 88' lang='lat' dir='ltr'><strong>Denique</strong></span> <span class='ocrx_word' id='word_1_44' title='bbox 383 1704 685 1774; x_wconf 78' lang='lat' dir='ltr'><strong>animadvertimus</strong></span> <span class='ocrx_word' id='word_1_45' title='bbox 728 1702 865 1781; x_wconf 71' lang='grc' dir='ltr'><strong><em>ἄγαλμα</em></strong></span> <span class='ocrx_word' id='word_1_46' title='bbox 900 1703 1004 1771; x_wconf 86' lang='lat' dir='ltr'><strong>etiam</strong></span> <span class='ocrx_word' id='word_1_47' title='bbox 1037 1703 1082 1770; x_wconf 88' lang='lat' dir='ltr'><strong>ad</strong></span> <span class='ocrx_word' id='word_1_48' title='bbox 1116 1681 1267 1782; x_wconf 70' lang='grc' dir='ltr'><strong><em>πατρίδες</em></strong></span> 
     </span>
    </p>
   </div>
   <div class='ocr_carea' id='block_1_4' title="bbox 137 1844 1264 2357">
    <p class='ocr_par' dir='ltr' id='par_1_4' title="bbox 137 1844 1264 2357">
     <span class='ocr_line' id='line_1_9' title="bbox 138 1844 1262 1934; baseline 0 -22"><span class='ocrx_word' id='word_1_49' title='bbox 138 1846 330 1934; x_wconf 86' lang='lat' dir='ltr'><strong>pertinere,</strong></span> <span class='ocrx_word' id='word_1_50' title='bbox 349 1845 402 1913; x_wconf 83' lang='lat' dir='ltr'><strong>ita</strong></span> <span class='ocrx_word' id='word_1_51' title='bbox 424 1851 465 1913; x_wconf 90' lang='lat' dir='ltr'><strong>ut</strong></span> <span class='ocrx_word' id='word_1_52' title='bbox 487 1845 550 1912; x_wconf 91' lang='lat' dir='ltr'><strong>hoo</strong></span> <span class='ocrx_word' id='word_1_53' title='bbox 573 1846 644 1914; x_wconf 91' lang='lat' dir='ltr'><strong>loco</strong></span> <span class='ocrx_word' id='word_1_54' title='bbox 665 1845 849 1913; x_wconf 79' lang='lat' dir='ltr'><strong>habeamus</strong></span> <span class='ocrx_word' id='word_1_55' title='bbox 873 1844 1153 1912; x_wconf 72' lang='lat' dir='ltr'><strong>constructionem</strong></span> <span class='ocrx_word' id='word_1_56' title='bbox 1175 1866 1262 1933; x_wconf 87' lang='lat' dir='ltr'><strong>quac</strong></span> 
     </span>
     <span class='ocr_line' id='line_1_10' title="bbox 137 1985 1262 2070; baseline -0.002 -16"><span class='ocrx_word' id='word_1_57' title='bbox 137 1985 268 2054; x_wconf 77' lang='lat' dir='ltr'><strong>&lt;licitur</strong></span> <span class='ocrx_word' id='word_1_58' title='bbox 301 1987 336 2051; x_wconf 78' lang='grc' dir='ltr'><strong>ἐκ</strong></span> <span class='ocrx_word' id='word_1_59' title='bbox 371 1987 591 2067; x_wconf 71' lang='grc' dir='ltr'><strong><em>παραλλήλου,</em></strong></span> <span class='ocrx_word' id='word_1_60' title='bbox 627 1995 663 2054; x_wconf 88' lang='lat' dir='ltr'><strong>et</strong></span> <span class='ocrx_word' id='word_1_61' title='bbox 696 1991 805 2055; x_wconf 82' lang='lat' dir='ltr'><strong>totam</strong></span> <span class='ocrx_word' id='word_1_62' title='bbox 834 1987 1051 2070; x_wconf 89' lang='lat' dir='ltr'><strong>locutionem,</strong></span> <span class='ocrx_word' id='word_1_63' title='bbox 1075 1985 1130 2053; x_wconf 90' lang='lat' dir='ltr'><strong>cui</strong></span> <span class='ocrx_word' id='word_1_64' title='bbox 1151 1985 1262 2052; x_wconf 85' lang='lat' dir='ltr'><strong>inesse</strong></span> 
     </span>
     <span class='ocr_line' id='line_1_11' title="bbox 137 2127 1264 2216; baseline 0 -22"><span class='ocrx_word' id='word_1_65' title='bbox 137 2127 289 2216; x_wconf 81' lang='lat' dir='ltr'><strong>aliquam</strong></span> <span class='ocrx_word' id='word_1_66' title='bbox 321 2129 500 2196; x_wconf 88' lang='lat' dir='ltr'><strong>audaciam</strong></span> <span class='ocrx_word' id='word_1_67' title='bbox 530 2129 666 2197; x_wconf 84' lang='lat' dir='ltr'><strong>dicendi</strong></span> <span class='ocrx_word' id='word_1_68' title='bbox 695 2129 815 2216; x_wconf 85' lang='lat' dir='ltr'><strong>negari</strong></span> <span class='ocrx_word' id='word_1_69' title='bbox 837 2151 903 2195; x_wconf 91' lang='lat' dir='ltr'><strong>non</strong></span> <span class='ocrx_word' id='word_1_70' title='bbox 926 2135 1055 2216; x_wconf 88' lang='lat' dir='ltr'><strong>potest,</strong></span> <span class='ocrx_word' id='word_1_71' title='bbox 1081 2127 1264 2195; x_wconf 85' lang='lat' dir='ltr'><strong>vernacula</strong></span> 
     </span>
     <span class='ocr_line' id='line_1_12' title="bbox 137 2267 1261 2357; baseline 0 -23"><span class='ocrx_word' id='word_1_72' title='bbox 137 2267 260 2356; x_wconf 76' lang='lat' dir='ltr'><strong>lingua</strong></span> <span class='ocrx_word' id='word_1_73' title='bbox 282 2269 372 2338; x_wconf 88' lang='lat' dir='ltr'><strong>idem</strong></span> <span class='ocrx_word' id='word_1_74' title='bbox 394 2271 512 2340; x_wconf 90' lang='lat' dir='ltr'><strong>valere</strong></span> <span class='ocrx_word' id='word_1_75' title='bbox 536 2295 588 2339; x_wconf 91' lang='lat' dir='ltr'><strong>ac:</strong></span> <span class='ocrx_word' id='word_1_76' title='bbox 615 2272 679 2353; x_wconf 80' lang='lat' dir='ltr'><strong>„de</strong></span> <span class='ocrx_word' id='word_1_77' title='bbox 702 2271 910 2357; x_wconf 86' lang='lat' dir='ltr'><strong>tweelingen</strong></span> <span class='ocrx_word' id='word_1_78' title='bbox 928 2269 1050 2337; x_wconf 79' lang='lat' dir='ltr'><strong>Castor</strong></span> <span class='ocrx_word' id='word_1_79' title='bbox 1070 2292 1112 2336; x_wconf 91' lang='lat' dir='ltr'><strong>en</strong></span> <span class='ocrx_word' id='word_1_80' title='bbox 1122 2267 1261 2353; x_wconf 78' lang='lat' dir='ltr'><strong>Pollux,</strong></span> 
     </span>
    </p>
   </div>
   <div class='ocr_carea' id='block_1_5' title="bbox 137 2409 842 2481">
    <p class='ocr_par' dir='ltr' id='par_1_5' title="bbox 137 2409 842 2481">
     <span class='ocr_line' id='line_1_13' title="bbox 137 2409 842 2481; baseline -0.003 -3"><span class='ocrx_word' id='word_1_81' title='bbox 137 2409 199 2478; x_wconf 87' lang='lat' dir='ltr'><strong>bet</strong></span> <span class='ocrx_word' id='word_1_82' title='bbox 223 2411 361 2480; x_wconf 87' lang='lat' dir='ltr'><strong>sieraad</strong></span> <span class='ocrx_word' id='word_1_83' title='bbox 381 2435 450 2481; x_wconf 88' lang='lat' dir='ltr'><strong>vau</strong></span> <span class='ocrx_word' id='word_1_84' title='bbox 475 2413 534 2480; x_wconf 86' lang='lat' dir='ltr'><strong>bet</strong></span> <span class='ocrx_word' id='word_1_85' title='bbox 555 2412 774 2481; x_wconf 87' lang='lat' dir='ltr'><strong>vaderland.&#39;’</strong></span> <span class='ocrx_word' id='word_1_86' title='bbox 800 2449 842 2460; x_wconf 89' lang='lat'>-</span> 
     </span>
    </p>
   </div>
   <div class='ocr_carea' id='block_1_6' title="bbox 129 2694 1262 4351">
    <p class='ocr_par' dir='ltr' id='par_1_6' title="bbox 129 2694 1262 4351">
     <span class='ocr_line' id='line_1_14' title="bbox 181 2694 1259 2786; baseline 0 -25"><span class='ocrx_word' id='word_1_87' title='bbox 181 2694 241 2762; x_wconf 81' lang='lat' dir='ltr'><strong>Ad</strong></span> <span class='ocrx_word' id='word_1_88' title='bbox 275 2697 445 2765; x_wconf 89' lang='lat' dir='ltr'><strong>rationem</strong></span> <span class='ocrx_word' id='word_1_89' title='bbox 478 2697 755 2785; x_wconf 85' lang='lat' dir='ltr'><strong>intelligendam,</strong></span> <span class='ocrx_word' id='word_1_90' title='bbox 791 2719 878 2786; x_wconf 89' lang='lat' dir='ltr'><strong>quae</strong></span> <span class='ocrx_word' id='word_1_91' title='bbox 911 2697 1002 2765; x_wconf 89' lang='lat' dir='ltr'><strong>inest</strong></span> <span class='ocrx_word' id='word_1_92' title='bbox 1036 2695 1259 2764; x_wconf 90' lang='lat' dir='ltr'><strong>locutionibus</strong></span> 
     </span>
     <span class='ocr_line' id='line_1_15' title="bbox 136 2835 1262 2921; baseline 0.004 -20"><span class='ocrx_word' id='word_1_93' title='bbox 136 2835 329 2918; x_wconf 70' lang='grc' dir='ltr'><strong><em>τεθρίππους</em></strong></span> <span class='ocrx_word' id='word_1_94' title='bbox 381 2839 524 2917; x_wconf 69' lang='grc' dir='ltr'><strong><em>ἁμίλλας</em></strong></span> <span class='ocrx_word' id='word_1_95' title='bbox 576 2853 612 2908; x_wconf 91' lang='lat' dir='ltr'><strong>et</strong></span> <span class='ocrx_word' id='word_1_96' title='bbox 666 2840 862 2921; x_wconf 78' lang='grc' dir='ltr'><strong><em>αὐτοείδαρος</em></strong></span> <span class='ocrx_word' id='word_1_97' title='bbox 916 2838 1042 2919; x_wconf 73' lang='grc' dir='ltr'><strong><em>ἅμιλλα</em></strong></span> <span class='ocrx_word' id='word_1_98' title='bbox 1097 2839 1262 2908; x_wconf 84' lang='lat' dir='ltr'><strong>adicotivi</strong></span> 
     </span>
     <span class='ocr_line' id='line_1_16' title="bbox 135 2979 1260 3064; baseline 0.001 -17"><span class='ocrx_word' id='word_1_99' title='bbox 135 2979 308 3048; x_wconf 86' lang='lat' dir='ltr'><strong>coniuncti</strong></span> <span class='ocrx_word' id='word_1_100' title='bbox 341 3004 417 3049; x_wconf 90' lang='lat' dir='ltr'><strong>cum</strong></span> <span class='ocrx_word' id='word_1_101' title='bbox 451 2983 683 3064; x_wconf 88' lang='lat' dir='ltr'><strong>substantivo,</strong></span> <span class='ocrx_word' id='word_1_102' title='bbox 715 2983 801 3051; x_wconf 89' lang='lat' dir='ltr'><strong>utile</strong></span> <span class='ocrx_word' id='word_1_103' title='bbox 832 2990 884 3050; x_wconf 85' lang='lat' dir='ltr'><strong>est</strong></span> <span class='ocrx_word' id='word_1_104' title='bbox 907 2983 1061 3050; x_wconf 84' lang='lat' dir='ltr'><strong>conferre</strong></span> <span class='ocrx_word' id='word_1_105' title='bbox 1083 2982 1260 3050; x_wconf 85' lang='lat' dir='ltr'><strong>vernaculi</strong></span> 
     </span>
     <span class='ocr_line' id='line_1_17' title="bbox 135 3115 1259 3214; baseline 0 -24"><span class='ocrx_word' id='word_1_106' title='bbox 135 3123 299 3190; x_wconf 84' lang='lat' dir='ltr'><strong>sermonis</strong></span> <span class='ocrx_word' id='word_1_107' title='bbox 332 3115 535 3208; x_wconf 86' lang='lat' dir='ltr'><strong>locutiones,</strong></span> <span class='ocrx_word' id='word_1_108' title='bbox 572 3125 683 3214; x_wconf 90' lang='lat' dir='ltr'><strong>qualis</strong></span> <span class='ocrx_word' id='word_1_109' title='bbox 717 3129 787 3193; x_wconf 89' lang='lat' dir='ltr'><strong>est:</strong></span> <span class='ocrx_word' id='word_1_110' title='bbox 823 3125 996 3211; x_wconf 80' lang='lat' dir='ltr'><strong>„bloedigc</strong></span> <span class='ocrx_word' id='word_1_111' title='bbox 1027 3124 1157 3213; x_wconf 85' lang='lat' dir='ltr'><strong>strijd.&#39;’</strong></span> <span class='ocrx_word' id='word_1_112' title='bbox 1184 3125 1259 3190; x_wconf 80' lang='lat' dir='ltr'><strong>b&#39;on</strong></span> 
     </span>
     <span class='ocr_line' id='line_1_18' title="bbox 135 3263 1259 3354; baseline 0.003 -23"><span class='ocrx_word' id='word_1_113' title='bbox 135 3263 225 3331; x_wconf 85' lang='lat' dir='ltr'><strong>enim</strong></span> <span class='ocrx_word' id='word_1_114' title='bbox 258 3265 311 3332; x_wconf 89' lang='lat' dir='ltr'><strong>ita</strong></span> <span class='ocrx_word' id='word_1_115' title='bbox 343 3265 480 3354; x_wconf 89' lang='lat' dir='ltr'><strong>proprie</strong></span> <span class='ocrx_word' id='word_1_116' title='bbox 511 3267 715 3334; x_wconf 85' lang='lat' dir='ltr'><strong>adiectivum</strong></span> <span class='ocrx_word' id='word_1_117' title='bbox 741 3267 915 3354; x_wconf 81' lang='lat' dir='ltr'><strong>„bloedig”</strong></span> <span class='ocrx_word' id='word_1_118' title='bbox 940 3268 984 3333; x_wconf 89' lang='lat' dir='ltr'><strong>ad</strong></span> <span class='ocrx_word' id='word_1_119' title='bbox 1008 3265 1259 3335; x_wconf 87' lang='lat' dir='ltr'><strong>substantivum</strong></span> 
     </span>
     <span class='ocr_line' id='line_1_19' title="bbox 138 3406 1258 3496; baseline 0.001 -22"><span class='ocrx_word' id='word_1_120' title='bbox 138 3406 279 3496; x_wconf 83' lang='lat' dir='ltr'><strong>„strijd”</strong></span> <span class='ocrx_word' id='word_1_121' title='bbox 313 3409 480 3496; x_wconf 85' lang='lat' dir='ltr'><strong>pertinet,</strong></span> <span class='ocrx_word' id='word_1_122' title='bbox 512 3419 552 3475; x_wconf 90' lang='lat' dir='ltr'><strong>ut</strong></span> <span class='ocrx_word' id='word_1_123' title='bbox 583 3432 658 3476; x_wconf 93' lang='lat' dir='ltr'><strong>cum</strong></span> <span class='ocrx_word' id='word_1_124' title='bbox 681 3409 822 3478; x_wconf 86' lang='lat' dir='ltr'><strong>dicimus</strong></span> <span class='ocrx_word' id='word_1_125' title='bbox 846 3434 876 3479; x_wconf 89' lang='lat' dir='ltr'><strong>e.</strong></span> <span class='ocrx_word' id='word_1_126' title='bbox 899 3433 927 3479; x_wconf 91' lang='lat' dir='ltr'><strong>c.</strong></span> <span class='ocrx_word' id='word_1_127' title='bbox 955 3432 1121 3494; x_wconf 86' lang='lat' dir='ltr'><strong>„mensam</strong></span> <span class='ocrx_word' id='word_1_128' title='bbox 1144 3417 1258 3476; x_wconf 90' lang='lat' dir='ltr'><strong>rotun·</strong></span> 
     </span>
     <span class='ocr_line' id='line_1_20' title="bbox 134 3547 1258 3620; baseline 0.002 -4"><span class='ocrx_word' id='word_1_129' title='bbox 134 3547 246 3618; x_wconf 85' lang='lat' dir='ltr'><strong>dam.&#39;&#39;</strong></span> <span class='ocrx_word' id='word_1_130' title='bbox 280 3549 323 3616; x_wconf 92' lang='lat' dir='ltr'><strong>ln</strong></span> <span class='ocrx_word' id='word_1_131' title='bbox 356 3550 422 3617; x_wconf 83' lang='lat' dir='ltr'><strong>hac</strong></span> <span class='ocrx_word' id='word_1_132' title='bbox 453 3551 542 3617; x_wconf 90' lang='lat' dir='ltr'><strong>enim</strong></span> <span class='ocrx_word' id='word_1_133' title='bbox 572 3550 741 3618; x_wconf 89' lang='lat' dir='ltr'><strong>locutione</strong></span> <span class='ocrx_word' id='word_1_134' title='bbox 773 3551 890 3619; x_wconf 88' lang='lat' dir='ltr'><strong>statim</strong></span> <span class='ocrx_word' id='word_1_135' title='bbox 913 3552 1062 3620; x_wconf 88' lang='lat' dir='ltr'><strong>sentitur</strong></span> <span class='ocrx_word' id='word_1_136' title='bbox 1085 3552 1258 3619; x_wconf 88' lang='lat' dir='ltr'><strong>vinculum</strong></span> 
     </span>
     <span class='ocr_line' id='line_1_21' title="bbox 133 3689 1257 3781; baseline 0.004 -26"><span class='ocrx_word' id='word_1_137' title='bbox 133 3711 199 3778; x_wconf 85' lang='lat' dir='ltr'><strong>quo</strong></span> <span class='ocrx_word' id='word_1_138' title='bbox 223 3689 431 3760; x_wconf 87' lang='lat' dir='ltr'><strong>adiectivum</strong></span> <span class='ocrx_word' id='word_1_139' title='bbox 453 3713 527 3757; x_wconf 91' lang='lat' dir='ltr'><strong>cum</strong></span> <span class='ocrx_word' id='word_1_140' title='bbox 551 3692 765 3759; x_wconf 85' lang='lat' dir='ltr'><strong>substantivo</strong></span> <span class='ocrx_word' id='word_1_141' title='bbox 787 3692 982 3781; x_wconf 85' lang='lat' dir='ltr'><strong>copulatur,</strong></span> <span class='ocrx_word' id='word_1_142' title='bbox 1007 3693 1125 3759; x_wconf 86' lang='lat' dir='ltr'><strong>sedin</strong></span> <span class='ocrx_word' id='word_1_143' title='bbox 1150 3691 1257 3776; x_wconf 82' lang='lat' dir='ltr'><strong>„bloe-</strong></span> 
     </span>
     <span class='ocr_line' id='line_1_22' title="bbox 132 3830 1258 3923; baseline 0.004 -25"><span class='ocrx_word' id='word_1_144' title='bbox 132 3830 214 3919; x_wconf 78' lang='lat' dir='ltr'><strong>‹lige</strong></span> <span class='ocrx_word' id='word_1_145' title='bbox 250 3834 377 3922; x_wconf 86' lang='lat' dir='ltr'><strong>strijd”</strong></span> <span class='ocrx_word' id='word_1_146' title='bbox 413 3834 545 3923; x_wconf 88' lang='lat' dir='ltr'><strong>aliquid</strong></span> <span class='ocrx_word' id='word_1_147' title='bbox 579 3838 677 3902; x_wconf 85' lang='lat' dir='ltr'><strong>extra</strong></span> <span class='ocrx_word' id='word_1_148' title='bbox 711 3837 818 3904; x_wconf 89' lang='lat' dir='ltr'><strong>verba</strong></span> <span class='ocrx_word' id='word_1_149' title='bbox 852 3835 929 3923; x_wconf 90' lang='lat' dir='ltr'><strong>ipsa</strong></span> <span class='ocrx_word' id='word_1_150' title='bbox 963 3834 1170 3921; x_wconf 83' lang='lat' dir='ltr'><strong>cogitatione</strong></span> <span class='ocrx_word' id='word_1_151' title='bbox 1204 3843 1258 3903; x_wconf 89' lang='lat' dir='ltr'><strong>est</strong></span> 
     </span>
     <span class='ocr_line' id='line_1_23' title="bbox 132 3973 1256 4067; baseline 0.004 -27"><span class='ocrx_word' id='word_1_152' title='bbox 132 3973 371 4062; x_wconf 87' lang='lat' dir='ltr'><strong>supplendum,</strong></span> <span class='ocrx_word' id='word_1_153' title='bbox 403 3977 572 4043; x_wconf 89' lang='lat' dir='ltr'><strong>notionem</strong></span> <span class='ocrx_word' id='word_1_154' title='bbox 597 3976 727 4044; x_wconf 89' lang='lat' dir='ltr'><strong>scilicet</strong></span> <span class='ocrx_word' id='word_1_155' title='bbox 749 3977 992 4065; x_wconf 83' lang='lat' dir='ltr'><strong>pugnantium,</strong></span> <span class='ocrx_word' id='word_1_156' title='bbox 1016 4000 1099 4067; x_wconf 91' lang='lat' dir='ltr'><strong>quos</strong></span> <span class='ocrx_word' id='word_1_157' title='bbox 1121 3979 1256 4067; x_wconf 85' lang='lat' dir='ltr'><strong>proprie</strong></span> 
     </span>
     <span class='ocr_line' id='line_1_24' title="bbox 131 4115 1256 4208; baseline 0.004 -26"><span class='ocrx_word' id='word_1_158' title='bbox 131 4115 300 4201; x_wconf 83' lang='lat' dir='ltr'><strong>sanguine</strong></span> <span class='ocrx_word' id='word_1_159' title='bbox 334 4116 521 4185; x_wconf 86' lang='lat' dir='ltr'><strong>maculatos</strong></span> <span class='ocrx_word' id='word_1_160' title='bbox 556 4118 668 4186; x_wconf 85' lang='lat' dir='ltr'><strong>dicere</strong></span> <span class='ocrx_word' id='word_1_161' title='bbox 699 4141 884 4206; x_wconf 87' lang='lat' dir='ltr'><strong>possumus.</strong></span> <span class='ocrx_word' id='word_1_162' title='bbox 907 4119 957 4186; x_wconf 89' lang='lat' dir='ltr'><strong>Ut</strong></span> <span class='ocrx_word' id='word_1_163' title='bbox 980 4143 1083 4208; x_wconf 90' lang='lat' dir='ltr'><strong>supra</strong></span> <span class='ocrx_word' id='word_1_164' title='bbox 1104 4124 1256 4188; x_wconf 89' lang='lat' dir='ltr'><strong>tractan-</strong></span> 
     </span>
     <span class='ocr_line' id='line_1_25' title="bbox 129 4257 1256 4351; baseline 0.005 -27"><span class='ocrx_word' id='word_1_165' title='bbox 129 4259 184 4324; x_wconf 88' lang='lat' dir='ltr'><strong>tes</strong></span> <span class='ocrx_word' id='word_1_166' title='bbox 226 4257 337 4325; x_wconf 92' lang='lat' dir='ltr'><strong>locum</strong></span> <span class='ocrx_word' id='word_1_167' title='bbox 376 4257 488 4327; x_wconf 86' lang='lat' dir='ltr'><strong>Arist.</strong></span> <span class='ocrx_word' id='word_1_168' title='bbox 527 4259 614 4328; x_wconf 86' lang='lat' dir='ltr'><strong>Rau.</strong></span> <span class='ocrx_word' id='word_1_169' title='bbox 643 4261 735 4350; x_wconf 32' lang='lat'>,1138</span> <span class='ocrx_word' id='word_1_170' title='bbox 770 4285 834 4351; x_wconf 94' lang='lat' dir='ltr'><strong>ssq.</strong></span> <span class='ocrx_word' id='word_1_171' title='bbox 870 4263 1016 4332; x_wconf 88' lang='lat' dir='ltr'><strong>vidimus</strong></span> <span class='ocrx_word' id='word_1_172' title='bbox 1049 4263 1256 4330; x_wconf 88' lang='lat' dir='ltr'><strong>functionem</strong></span> 
     </span>
    </p>
   </div>
   <div class='ocr_carea' id='block_1_7' title="bbox 130 4399 1256 4490">
    <p class='ocr_par' dir='ltr' id='par_1_7' title="bbox 130 4399 1256 4490">
     <span class='ocr_line' id='line_1_26' title="bbox 130 4399 1256 4490; baseline 0.004 -22"><span class='ocrx_word' id='word_1_173' title='bbox 130 4399 298 4469; x_wconf 81' lang='lat' dir='ltr'><strong>adiectivi</strong></span> <span class='ocrx_word' id='word_1_174' title='bbox 330 4403 465 4482; x_wconf 79' lang='grc' dir='ltr'><strong><em>πατρῷος</em></strong></span> <span class='ocrx_word' id='word_1_175' title='bbox 497 4403 623 4471; x_wconf 89' lang='lat' dir='ltr'><strong>mutari</strong></span> <span class='ocrx_word' id='word_1_176' title='bbox 654 4403 753 4471; x_wconf 88' lang='lat' dir='ltr'><strong>varia</strong></span> <span class='ocrx_word' id='word_1_177' title='bbox 776 4404 1025 4490; x_wconf 82' lang='lat' dir='ltr'><strong>significatione</strong></span> <span class='ocrx_word' id='word_1_178' title='bbox 1048 4404 1256 4473; x_wconf 84' lang='lat' dir='ltr'><strong>substantivi</strong></span> 
     </span>
    </p>
   </div>
   <div class='ocr_carea' id='block_1_8' title="bbox 0 0 1652 5342">
    <p class='ocr_par' dir='ltr' id='par_1_8' title="bbox 0 0 1652 5342">
     <span class='ocr_line' id='line_1_27' title="bbox 0 0 1652 5342; baseline 0 4"><span class='ocrx_word' id='word_1_179' title='bbox 0 0 1652 5342; x_wconf 95' lang='lat' dir='ltr'><strong> </strong></span> 
     </span>
    </p>
   </div>
  </div>
 </body>
</html>
