3296 5342
933 614 977 679 80

400 809 554 897 epitheta
574 808 603 876 si
622 809 786 876 accedunt
806 809 953 876 traiecta
973 831 1045 876 esse
1065 809 1208 876 dicenda
1228 811 1369 876 suntab
1389 811 1518 878 homine

398 950 443 1018 ad
465 973 563 1037 quem
585 951 719 1039 proprie
743 952 923 1018 referenda
945 957 1035 1018 sunt.
1060 952 1137 1018 Hue
1161 953 1352 1039 pertinent:

446 1091 665 1175 „Andaeia”.

443 1235 551 1302 Prom.
588 1237 651 1302 861
694 1235 853 1312 δαμέντων
895 1236 979 1321 (scil.
1015 1237 1129 1310 αὐτῶν,
1166 1235 1323 1325 Aegypti
1357 1238 1515 1326 filiorum)

397 1379 632 1459 νυκτιφρουρήτῳ
676 1375 802 1459 θράσει,
862 1378 1033 1461 „audacia
1076 1378 1184 1446 noctis
1231 1380 1518 1467 opportunitatem

397 1519 637 1587 observante.’'
666 1520 695 1603 ¹)

445 1660 620 1745 „Timon”

440 1802 549 1867 Prom.
575 1803 641 1868 580
663 1801 695 1865 τί
717 1801 791 1866 τοτὲ
816 1805 851 1879 μ’
876 1800 1059 1884 οἰστρνλοίτῳ
1085 1802 1210 1879 δείματι
1235 1799 1291 1867 ὦδε
1315 1803 1430 1884 τείρεις.

441 1943 634 2025 οἰστρήλατοο
656 1929 791 2032 pessive
815 1946 1018 2012 dictumest
1045 1952 1160 2028 „oeetr
1181 1969 1208 2028 0,
1233 1971 1251 2013 ο
1274 1947 1296 2013 i.
1322 1971 1349 2014 e.
1374 1947 1517 2032 insanie,

396 2087 585 2174 percitus'‘.
624 2087 765 2154 Collatis
801 2113 867 2155 ven
893 2090 956 2154 589
992 2096 1045 2164 τῆς
1081 2089 1292 2169 οἰστροδινήτου
1326 2086 1425 2174 κόροιο,
1451 2091 1512 2157 681

397 2226 576 2304 οἰστροπλὴξ
610 2229 698 2308 δ’ἐνίι
734 2228 918 2307 ἐλαύνομαι,
953 2231 1067 2318 Suppl.
1106 2234 1170 2297 572
1206 2230 1418 2312 οἰστροδόνητον
1451 2233 1512 2305 Ἰοί,

396 2374 608 2460 perspicuum
633 2377 686 2440 est
708 2374 824 2440 Ionem
846 2374 954 2461 ipsam
986 2372 1231 2456 „oirrpitnros”
1258 2397 1341 2442 esse.
1377 2375 1513 2462 Epithe-

396 2525 471 2598 ton,
507 2516 595 2603 qnod
628 2516 754 2583 Sehiitz
787 2541 853 2583 non
887 2519 971 2583 bene
1007 2516 1143 2603 expedit
1177 2539 1238 2603 per
1282 2539 1350 2599 „ex
1384 2517 1514 2584 insania

396 2661 524 2742 ortus”‚
559 2681 580 2726 a
613 2682 755 2747 persona
789 2659 996 2726 translatum
1019 2663 1079 2725 est.
1121 2658 1326 2726 Dettweiler
1365 2658 1513 2740 1,δείματι

396 2799 526 2882 οἴστρου,
561 2803 681 2869 timore
712 2803 833 2878 nestri,
864 2799 1046 2868 insaniae’'
1070 2802 1315 2890 interpretem,
1347 2825 1415 2868 non
1445 2824 1513 2870 ver·

395 2944 441 3012 tit
457 2945 459 2952 ’
473 2945 653 3011 seeundum
683 2942 857 3032 compositi
891 2944 1084 3008 membrum.
1132 2942 1273 3008 Omnino
1307 2943 1513 3010 reiciendum

396 3090 465 3170 est,
513 3087 600 3173 quod
646 3085 754 3152 Sehol.
798 3090 914 3171 putet,
958 3081 1142 3163 οἰστρνλιίτῳ
1188 3085 1337 3152 activum
1382 3109 1512 3154 sensum

395 3229 530 3312 habere,
555 3229 716 3295 reddens:
742 3227 780 3291 δι’
802 3225 915 3307 οἰστρον
938 3225 989 3290 καί
1014 3225 1260 3306 οἰναβακχειίοντι
1285 3226 1512 3307 Φοβήροατι.-

442 3372 646 3455 „insania''.

439 3512 561 3600 Agam.
597 3515 682 3579 1576
718 3513 781 3576 τοίν
816 3509 938 3592 οἰσόχρν
984 3534 1036 3587 μοι
1070 3511 1183 3587 ροανίας
1217 3509 1384 3594 μελάθρων
1419 3515 1510 3588 οἰλλιρ-

393 3656 535 3737 λοφιίνονς
556 3654 723 3738 οἰφελούσρ.

438 3796 639 3878 οὶλλνλοφόνοι
684 3797 833 3863 homines
880 3802 976 3877 sunt,
1022 3797 1080 3884 qui
1122 3819 1157 3864 se
1203 3797 1348 3865 invicem
1386 3798 1510 3867 interfi-

395 3941 497 4007 ciunt.

396 4210 607 4220 ——..——-

437 4378 464 4450 ¹)
485 4377 520 4436 cf.
543 4377 632 4435 Schol.
653 4382 741 4439 νυκτὸς
757 4381 807 4444 γίιρ
824 4377 1019 4444 ἐπιτηρήσαντες
1035 4379 1129 4456 αξιτοΐιρ
1146 4379 1254 4431 οἰνιῖλον.
