3296 5342
645 621 687 687 63

115 813 162 882 nis
195 815 379 903 exemplum
414 823 476 884 est.
513 814 696 896 εὐπατέρεια
735 817 880 896 „bonum
910 819 1044 902 patrem
1067 816 1221 883 habens’'

116 957 233 1043 legitur
265 958 400 1025 Homer.
435 958 478 1024 Il.
515 960 535 1024 6
562 985 568 1024 :
604 960 669 1026 292
705 957 896 1024 Ἑλέναν...
932 957 1141 1038 εὐπατέρειαν,
1164 957 1224 1023 ubi

117 1099 279 1187 epitheton
313 1123 476 1188 personae
510 1100 659 1167 additur.
684 1100 750 1166 Hic
774 1101 819 1167 ad
839 1101 965 1183 locum,
989 1099 1049 1165 ubi
1070 1098 1225 1165 Artemis

115 1247 276 1326 versatur,
312 1244 520 1310 translatum
555 1246 608 1309 est
641 1242 750 1324 Quam
778 1245 819 1309 oh
849 1265 921 1309 rem
944 1265 1008 1307 non
1031 1241 1225 1308 necessaria

116 1387 162 1450 est
210 1384 421 1463 coniectura,
467 1408 568 1473 quam
614 1383 776 1452 Gaisford
816 1383 990 1471 proposuit
1033 1387 1068 1449 et
1100 1382 1223 1449 Nauck

115 1523 146 1589 in
184 1526 331 1593 editione
373 1550 434 1592 sua
473 1526 619 1614 recepit:
662 1525 770 1598 ναίεις,
814 1525 996 1605 εὐπατέρεῖ,
1032 1527 1077 1589 ἀν’
1113 1523 1222 1588 αὐλοίν.

116 1667 160 1732 De
206 1668 430 1756 explicatione
471 1691 572 1757 quam
613 1668 780 1734 Riimheld
815 1670 993 1735 verborum
1027 1667 1226 1748 εὐπατέρειαν

24 1839 26 1884 ς
116 1808 204 1873 αὐλοίν
226 1811 304 1894 dat,
327 1811 406 1877 vide
428 1833 485 1899 pg.
509 1812 562 1878 29.
694 1889 697 1896 .

154 1951 223 2038 Iph.
259 1952 300 2017 Τ.
338 1953 424 2018 1116
459 1950 582 2030 βωμούς
605 1975 640 2016 τε
665 1950 873 2028 paroecus,
897 1952 953 2018 vel
983 1960 1023 2018 ut
1053 1952 1170 2037 Enger
1192 1954 1227 2017 et

115 2091 261 2183 Koechly
306 2095 538 2162 coniecerunt:
585 2094 707 2172 βομούς
749 2091 1017 2168 θ’ἕλλννοθύτοος,
1053 2094 1227 2180 epitheton

24 2253 25 2256 ’
116 2236 218 2304 active
252 2237 379 2305 dictum
415 2246 483 2321 est,
520 2261 645 2320 „ovem
689 2237 836 2304 Graecos
871 2236 1084 2303 immolantes
1095 2237 1126 2319 ,’'
1161 2259 1228 2302 non

116 2381 255 2465 passive,
287 2386 329 2448 ut
357 2382 523 2448 Rcmheld
546 2361 664 2469 putat,
688 2381 936 2467 interpretans:
965 2399 1072 2463 „arae
1095 2377 1132 2442 in
1154 2377 1226 2464 qui·

116 2522 170 2588 bus
198 2545 276 2591 oves
307 2505 555 2591 immolantur.”
580 2524 621 2589 cf.
647 2524 684 2590 Ο.
709 2521 746 2589 G.
774 2522 860 2588 1495
885 2518 1035 2597 βούθυτον
1059 2520 1164 2592 ἑστία,
1190 2527 1226 2585 et

155 2664 224 2752 Iph.
248 2665 293 2732 A.
320 2667 384 2733 185
409 2664 578 2737 πολύὐυτος
602 2663 713 2738 οίλσος,
733 2665 791 2730 ubi
811 2663 906 2730 lucus
919 2664 991 2750 ipsc
1005 2662 1225 2730 sacrafaoere

116 2802 240 2872 dicitur.

155 2947 253 3015 Hero.
277 2949 318 3015 F.
343 2950 408 3015 798
432 2944 452 3012 ὦ
476 2949 604 3029 λέκτρων
627 2948 676 3012 δύο
699 2952 857 3025 συγγενεῖς
879 2945 971 3013 εὐναί.

156 3088 275 3158 Phoen.
301 3093 366 3157 217
390 3092 543 3170 ὁμογενεῖς
566 3092 618 3155 ε’πύ
642 3090 737 3155 Λαίου
762 3087 953 3165 πεμφθεῖσα
976 3087 1115 3168 πύργους.

24 3199 25 3290 i
157 3231 322 3300 Similiter
363 3234 459 3300 Pind.
504 3234 610 3320 Pyth.
646 3235 666 3300 9
701 3255 709 3298 :
745 3234 788 3300 83
830 3231 1023 3295 λευκίπποισι
1069 3229 1228 3309 Καδμείων

24 3387 25 3392 ’
119 3374 251 3450 ὐγυιαῖς,
276 3377 467 3464 epitheton,
498 3376 586 3464 quod
608 3377 675 3463 frg.
702 3378 742 3442 11
769 3401 775 3442 :
802 3375 866 3440 113
891 3374 932 3442 de
956 3375 1143 3441 hominibus
1163 3373 1230 3440 dio·

24 3507 25 3516 *
117 3520 275 3602 tumeat,
301 3518 344 3586 ad
368 3518 443 3586 vias
466 3518 674 3584 translatum
698 3524 760 3585 est.
785 3556 828 3565 —

157 3803 185 3866 d.
227 3802 462 3891 Epithcta‚
507 3824 616 3890 quae
652 3801 832 3890 proprie
863 3800 1111 3867 hominibus
1142 3822 1231 3866 con-

118 3945 343 4030 veniunt,
382 3945 776 4011 transferuntur
817 3944 872 4011 ad
915 3966 1073 4010 eorum
1106 3943 1229 4027 tela,

120 4107 351 4178 armaque

158 4369 261 4460 Apud
293 4371 570 4458 Aeschylum
604 4373 764 4457 legimus:
