3296 5342
684 615 726 684 19

193 806 350 876 Tertium
380 815 416 876 et
446 813 605 898 quartum
628 832 736 896 genus
758 832 896 899 prorsus
920 811 1084 880 differunt
1107 834 1128 879 a
1150 812 1269 880 duobis

145 949 282 1038 primis:
306 975 358 1020 νε.
381 952 448 1020 204
471 951 621 1034 Κύοτοροο
635 1005 642 1020 .
656 1002 685 1020 ..
709 951 902 1032 διδυμογενὲς
926 951 1062 1034 ἄγαλμα
1075 954 1267 1044 epitheton,

145 1097 187 1160 ut
219 1093 384 1179 vidimus,
416 1118 490 1163 oum
511 1118 593 1165 voce
615 1117 702 1186 quae
724 1096 939 1185 periphrasin
966 1097 1052 1166 facit
1079 1098 1266 1187 copulatur,

146 1262 195 1305 νε.
234 1239 321 1306 1502
363 1237 533 1320 κυανύχμα
566 1237 709 1318 κυμύτοον
742 1237 830 1320 ρ’ύθνα
871 1240 1051 1326 genetivus
1083 1245 1119 1308 et
1150 1263 1270 1309 nomen

145 1402 269 1468 regens
292 1382 328 1448 in
350 1404 453 1450 unam
474 1382 646 1450 notionem
668 1381 872 1450 coalescunt.

190 1523 319 1593 Contra
353 1525 528 1615 epitheton
562 1525 635 1594 sine
669 1524 868 1593 traiectione
904 1525 1086 1595 adhibetur
1120 1551 1170 1594 vs.
1203 1528 1267 1595 386
1365 1504 1367 1508 Ι

147 1666 337 1752 τεθρίππους
368 1668 524 1749 ἁμίλλας,
552 1669 672 1758 quibus
703 1668 740 1735 in
763 1668 877 1736 verbis
899 1669 988 1735 idem
1011 1669 1205 1737 valentibus
1228 1692 1268 1737 ac

147 1811 304 1894 τέτταρας
346 1810 457 1885 ἵττους
498 1811 729 1891 ἁμιλλωμένους
772 1812 823 1878 vel
868 1810 1030 1894 τέθμττα
1064 1811 1268 1891 οὶμνλλύμενα

145 1955 321 2044 epitheton
355 1955 489 2044 proprie
524 1955 568 2023 ad
599 1954 850 2024 substantivum
879 1956 1047 2044 pertinet,
1078 1958 1165 2046 quod
1187 1979 1267 2047 par·

143 2097 257 2188 tieipii
290 2097 364 2166 vice
399 2098 556 2186 fungitur
586 2103 623 2166 et
644 2121 703 2187 pro
726 2099 923 2188 praedicato
947 2107 1001 2168 est
1023 2099 1168 2188 epitheti
1190 2102 1266 2168 sub·

144 2241 290 2309 stantivi
333 2245 370 2310 et
412 2242 556 2310 subiecti
598 2243 673 2310 vice
706 2242 881 2329 fungentis
917 2243 1146 2332 (,quadrigae
1179 2267 1266 2334 quae

143 2384 331 2472 certunm),
366 2386 420 2454 ita
453 2394 494 2453 ut
525 2385 611 2452 nihil
635 2409 676 2452 ex
694 2386 862 2454 trinsecus
885 2386 1092 2473 cogitatione
1115 2386 1267 2476 suppleri

143 2551 226 2617 opus
253 2528 309 2596 sit

187 2671 338 2739 Restant
370 2677 443 2738 tres
477 2671 558 2752 loci,
599 2695 737 2760 quorum
772 2696 875 2738 unum
910 2697 959 2742 vs.
997 2674 1084 2740 1474
1118 2672 1265 2751 βούθυτον

141 2813 259 2895 ἡμέραν
293 2812 341 2879 sic
376 2811 635 2902 explicavimus,
670 2820 710 2881 ut
740 2813 914 2902 epitheton
945 2838 1019 2882 cum
1050 2818 1265 2886 substantivo

143 2957 188 3024 ad
221 2956 390 3024 unitatem
424 2956 571 3024 notionis
603 2957 786 3042 coalescat,
823 2964 858 3026 et
881 2958 976 3025 illam
999 2959 1133 3047 quidem
1156 2960 1264 3028 notio·

142 3122 220 3167 nem
243 3099 404 3181 actionis,
436 3121 523 3189 quae
547 3100 714 3169 adiectivo
738 3101 955 3189 exprimitur,
979 3103 1031 3171 ita
1054 3108 1094 3172 ut
1117 3102 1264 3182 βούθυτον

143 3242 257 3324 ἡμέραν
291 3243 380 3310 nihil
409 3243 504 3311 aliud
527 3244 589 3329 sit,
614 3245 681 3311 nisi
705 3243 876 3323 βουθυσία,
899 3247 978 3313 dnm
1002 3248 1100 3330 ἡμέρα
1124 3273 1263 3336 genera·

142 3385 209 3454 lem
243 3386 405 3475 temporis
438 3388 608 3456 notionem
641 3389 762 3476 efficit;
800 3390 863 3457 duo
895 3416 944 3459 vs.
979 3394 1064 3460 1382
1095 3393 1264 3476 ναύφθορος

144 3529 247 3604 ττολύ,
272 3529 361 3598 1539
383 3527 547 3612 setosae
571 3530 684 3596 τὲτλοο
706 3532 881 3620 pertinent
903 3535 947 3601 ad
970 3534 1048 3603 illas
1067 3535 1261 3622 locutiones,

143 3671 323 3763 inquibus
354 3673 528 3763 epitheton
558 3674 602 3741 ad
625 3674 816 3763 analogiam
839 3677 1084 3746 adiectivorum
1105 3681 1263 3769 possessi·

145 3839 261 3884 vorum
296 3839 371 3884 oum
405 3818 631 3887 substantivis
670 3820 903 3908 coniungitur,
944 3845 1045 3910 quam
1080 3824 1263 3894 coniuncti·

145 3979 240 4025 onem
260 3981 323 4026 nos
344 3958 541 4051 plerumque
564 3962 780 4030 substantivo
804 3963 983 4052 composito
1005 3965 1187 4034 reddimus.

188 4098 218 4166 Il
260 4100 342 4170 locis
386 4125 483 4191 quos,
526 4105 571 4172 ad
605 4105 839 4193 explicandum
874 4104 1022 4184 βούθυτον
1053 4109 1185 4191 ἡμέραν,
1220 4134 1262 4179 ex

145 4240 290 4313 Homero
310 4244 506 4331 citavimus,
528 4247 697 4332 videmus,
717 4248 908 4317 liberiorem
927 4274 1024 4318 usum
1036 4251 1261 4340 epithetorum

145 4384 247 4454 etiam
263 4387 301 4454 in
318 4389 480 4477 epithetis
500 4390 707 4480 simplicibus
726 4392 834 4459 locum
851 4393 984 4462 habere.
1015 4395 1124 4462 Maior
1146 4401 1260 4464 autem
