3296 5342
923 634 966 702 18

426 854 475 898 vs.
501 830 588 897 1502
621 828 806 911 κνοονύχοονν“
825 854 861 896 τε
894 828 1037 909 ruodrut
1071 829 1177 914 ῥόθιον,
1204 831 1399 915 ,caeruleus
1423 830 1504 898 fluc-

380 976 477 1042 tuum
504 974 699 1064 strepitus.”

426 1117 645 1186 Adiectivum
674 1118 808 1207 proprie
839 1119 885 1186 ad
910 1116 1053 1195 κυμάτων
1074 1118 1240 1207 pertinet,
1264 1118 1324 1186 sed
1347 1119 1503 1186 substan·

381 1260 490 1328 tivum
513 1284 635 1348 regens
658 1284 732 1328 cum
755 1261 914 1348 genetivo
937 1261 973 1328 in
985 1261 1130 1329 unitatis
1142 1261 1313 1329 notionem
1324 1261 1503 1345 coalescit,

382 1404 437 1471 cui
460 1404 581 1472 deinde
604 1411 704 1493 poeta
727 1405 824 1473 addit
847 1405 1030 1493 epitheton.
1055 1443 1097 1451 -

426 1690 480 1757 Ex
496 1691 548 1757 his
561 1689 737 1778 exemplis,
751 1712 837 1778 quac
850 1712 889 1756 ex
903 1691 1025 1756 Heleno
1037 1689 1224 1774 attulimus,
1239 1688 1323 1756 satis
1340 1693 1502 1777 apparet,

383 1839 513 1923 quanta
540 1832 681 1900 audacia
704 1836 803 1921 poeta
826 1832 979 1920 epitheta
1003 1831 1187 1921 composita
1208 1831 1244 1898 in
1267 1831 1504 1900 coniunctione

383 1999 458 2043 cum
481 1974 707 2044 substantivis
727 1974 898 2042 adhibeat.
922 1973 1045 2041 Animo
1066 1978 1179 2058 autem
1191 1974 1402 2061 colligentes,
1415 1998 1506 2064 quae

384 2117 484 2189 de-iis
497 2117 753 2206 disputavimus,
767 2116 919 2184 videmus
932 2116 1103 2205 complura
1115 2116 1268 2206 epitheta
1279 2117 1331 2184 ita
1343 2117 1506 2204 coniungi

384 2284 458 2326 cum
500 2259 741 2343 substantivis,
776 2268 816 2327 ut
848 2263 984 2328 tantum
1018 2283 1079 2348 per
1114 2260 1347 2329 traiectionem
1382 2260 1506 2328 horum

384 2427 458 2470 cum
489 2402 713 2471 substantivis
736 2403 925 2470 coniunctio
950 2403 1174 2492 epithetorum
1199 2402 1363 2492 explicari
1385 2403 1505 2492 possit.

428 2547 540 2614 Unum
562 2569 685 2633 genus,
719 2546 806 2634 quod
829 2567 985 2614 vocamus
1012 2547 1080 2629 „ab
1104 2549 1216 2614 actore
1239 2545 1283 2614 ad
1307 2546 1505 2614 actionem”

385 2690 619 2758 constituimus
653 2692 675 2756 4
709 2689 807 2773 locis,
843 2714 891 2757 vs.
931 2691 995 2756 154
1029 2687 1196 2770 θνροκτύνον
1219 2688 1327 2773 Φοννοί,
1362 2713 1413 2757 vs.
1438 2690 1508 2756 354

385 2832 556 2914 ξιφοκτόνον
590 2832 729 2916 δίωγμα,
766 2858 815 2900 vs.
846 2834 910 2899 356
945 2831 1138 2912 αὐτοσίδαρον
1168 2829 1309 2915 ἅμιλλα,
1339 2855 1391 2900 vs.
1417 2832 1508 2899 1320

387 2977 625 3050 πολυπλννύνονν
649 2974 750 3041 πόνον.

428 3120 587 3188 Alterum
622 3120 706 3188 dant
740 3119 834 3186 nobis
869 3143 918 3188 vs
955 3120 1019 3185 136
1054 3119 1157 3195 εὐγενῆ
1196 3117 1295 3200 δέρνν,
1330 3142 1380 3186 vs.
1416 3118 1507 3186 1187

384 3263 492 3343 spuria
526 3257 678 3340 εὐγενοῦς,
712 3263 771 3328 ubi
805 3261 994 3351 epitheton,
1030 3263 1118 3352 quod
1148 3262 1189 3330 de
1219 3262 1411 3331 hominibus
1434 3263 1508 3332 dici

385 3405 487 3488 solet,
524 3406 567 3472 ad
601 3409 733 3492 partem
767 3405 886 3472 horum
918 3404 1067 3492 corporis
1097 3405 1323 3489 transfertur,
1348 3405 1508 3474 adhibita

385 3549 513 3636 figura,
538 3570 623 3637 quae
648 3547 852 3637 synecdoche
877 3546 1011 3615 dicitur.

391 3755 606 3766 ——n--n

385 3883 497 3944 ννννῒκο
528 3897 587 3939 esso
616 3879 803 3939 accusativum
833 3877 933 3949 totius,
954 3880 982 3938 ot
1003 3878 1084 3944 μαζόν
1103 3878 1290 3938 accusativum
1310 3878 1407 3954 partis.
1428 3878 1508 3950 Quod

385 4003 464 4046 voces
485 3989 587 4049 ’Ἐννννν
607 3990 634 4045 et
654 3988 748 4046 Ἑλλάς
775 3986 816 4045 sic
838 3988 1022 4062 usurpentur,
1044 3985 1091 4058 (cf.
1111 3985 1166 4059 Ag.
1190 3986 1266 4046 1254
1286 3986 1400 4044 Ὕλλον
1417 3987 1507 4058 φάτιν,

385 4094 494 4155 Heracl,
517 4095 574 4155 130
594 4098 690 4156 στολὴν
706 4096 831 4156 Ἕλληνα.
850 4093 968 4154 Ρύἰύοὐύ.
990 4095 1048 4154 224
1069 4098 1162 4160 0de
1179 4091 1303 4153 Ἕλλᾶὐθζ
1319 4098 1423 4162 mltis,
1443 4093 1507 4154 Vide

386 4202 608 4263 susurrone
628 4204 726 4263 Σκύθην
743 4201 823 4273 οἶμον,
843 4203 880 4263 ib.
900 4203 959 4263 805
980 4203 1090 4267 στρατὸν
1106 4201 1273 4273 Ἄννων)
1293 4199 1508 4276 indeoxplicsn-

386 4310 451 4369 dum
487 4313 545 4381 ost,
577 4313 610 4368 ut
637 4313 710 4370 recto
740 4310 807 4369 dicit
835 4310 975 4385 Schmidt,
1004 4309 1076 4383 quod
1104 4307 1216 4368 nomina
1245 4307 1369 4382 mutium
1399 4308 1506 4383 origine

385 4418 519 4478 adiectiva
545 4417 626 4496 sunt,
649 4435 719 4492 quae
738 4434 782 4477 res
801 4418 835 4477 de
854 4418 961 4483 ,,νννύ”
974 4434 1036 4487 non
1055 4416 1096 4477 ita
1115 4416 1201 4476 statui
1221 4418 1318 4490 potest.
