3296 5342
908 613 951 680 30

372 810 525 891 tantum,
560 812 601 875 ut
634 808 743 876 oratio
773 809 905 897 plenior
934 810 1012 893 fiat,
1044 810 1134 878 uude
1164 810 1246 877 haeo
1278 811 1384 879 verba
1405 810 1496 878 idem

373 951 492 1020 valent
526 974 566 1019 ao
600 957 708 1032 Φουοιῖς
738 951 842 1034 θηρῶν.
878 953 1125 1042 sedquoniam
1148 976 1284 1021 oausam
1307 953 1396 1042 apud
1419 976 1495 1020 eum

374 1094 614 1180 desideramus,
635 1118 702 1184 qua
726 1096 908 1163 seeundum
928 1096 1112 1164 membrum
1136 1095 1309 1185 compositi
1334 1094 1495 1178 abundet,

372 1242 408 1306 et
439 1243 620 1327 praeterea
652 1238 715 1306 hoo
748 1239 936 1327 exemplum
966 1239 1008 1305 ab
1038 1238 1099 1320 iis,
1123 1261 1210 1327 quae
1234 1238 1278 1306 ad
1302 1237 1496 1325 analogiam

372 1381 617 1451 adieetivorum
657 1382 920 1471 possessivorum
955 1381 1047 1450 diota
1081 1385 1177 1466 sunt,
1213 1404 1350 1469 prorsus
1385 1381 1496 1449 seiun-

371 1526 518 1613 gendum
554 1529 623 1610 est,
655 1524 732 1593 fieri
761 1548 827 1593 non
856 1527 986 1613 potest,
1010 1527 1051 1591 ut
1073 1524 1108 1591 in
1133 1524 1204 1591 eius
1229 1519 1419 1613 opinionem
1441 1546 1496 1591 me

374 1669 547 1737 adducam.
571 1669 724 1736 Eandem
746 1671 785 1736 ob
810 1691 945 1736 oausam
967 1667 1228 1764 Dettweilerum
1251 1691 1306 1755 pg.
1333 1668 1375 1734 14
1398 1666 1496 1754 sequi

372 1836 437 1880 non
467 1834 617 1901 possum,
653 1812 712 1878 ubi
735 1811 845 1878 Prom.
870 1812 936 1878 580
960 1811 1150 1893 οἷοορήιιυτοι
1172 1810 1266 1889 δεῑμοι
1289 1811 1496 1899 interpreta-

372 1942 447 2023 turi
475 1955 625 2042 ,Furobt
646 1979 708 2022 vor
731 1955 792 2022 der
814 1957 970 2038 Bremse,
996 1954 1072 2022 dem
1094 1953 1326 2038 Wahnsiun’',
1350 1953 1494 2020 Eumen.

372 2100 438 2166 496
469 2097 662 2179 οιοιιδότροιτοο
693 2095 804 2162 πόθοιο
843 2096 990 2182 ,Leiden
1013 2120 1080 2165 von
1103 2095 1219 2164 Seiten
1244 2095 1305 2162 der
1327 2095 1494 2163 Kinder.’'

417 2242 507 2309 Item
530 2264 581 2309 me
604 2241 704 2327 longe
728 2240 899 2308 discedere
924 2239 1083 2307 confiteor
1103 2240 1145 2306 ab
1166 2238 1319 2327 opinione
1339 2239 1376 2304 in
1394 2260 1497 2326 quam

371 2384 462 2452 idem
504 2383 669 2451 Rbmheld
711 2384 877 2451 adductus
920 2386 974 2449 est
1013 2405 1068 2469 pg.
1106 2382 1170 2449 198
1209 2404 1284 2469 sqq,
1322 2380 1497 2468 complura

374 2528 527 2616 epitheta
550 2525 733 2615 composita
755 2525 917 2608 inveniri,
942 2483 1029 2612 quae
1050 2527 1123 2591 toto
1147 2501 1497 2590 enuntiato'relativo

373 2669 590 2739 dissolvenda
613 2672 701 2736 sunt.
725 2668 814 2736 Nam
839 2668 869 2736 si
889 2668 998 2736 vertit
1017 2667 1105 2735 Med.
1131 2668 1195 2734 636
1216 2665 1388 2747 οὶμφίλογοι
1408 2666 1501 2747 ὄργυι’

377 2813 501 2899 ,animi
533 2811 823 2901 perturbationes,
855 2811 976 2900 quibus
1012 2810 1041 2878 si
1070 2811 1219 2878 homines
1250 2809 1365 2878 affecti
1396 2814 1497 2894 sunt,

374 2958 416 3024 ab
439 2965 584 3045 utraque
615 2959 713 3043 parte
736 2955 778 3021 fit
799 2953 1017 3037 altereatio”,
1052 2952 1133 3030 Hel,
1158 2954 1243 3021 1319
1268 2950 1497 3028 πολυπλόοητοι

372 3095 461 3172 οιόιοι,
489 3098 657 3184 π11100111,
681 3097 738 3188 qui
762 3097 798 3164 in
821 3096 937 3164 multis
962 3095 1133 3164 erroribus
1157 3097 1377 3180 versantur”,
1390 3096 1496 3164 Hero.

372 3243 412 3310 F.
448 3243 514 3309 835
557 3239 768 3314 παιδοκτόνους
803 3243 915 3322 Φρευῶυ
948 3237 1125 3321 τοιροιγμοός
1164 3239 1286 3326 ,animi
1316 3241 1497 3328 perturba·

371 3386 499 3469 tiones,
535 3385 656 3473 quibus
690 3384 873 3452 liberorum
906 3384 1026 3451 oaedes
1061 3383 1275 3467 conficitur'',
1311 3382 1393 3450 ibid.
1427 3383 1497 3450 812

372 3531 546 3615 ξιφηφόρων
581 3529 700 3609 οὶγόιοιι
737 3527 1002 3615 ,certaminum,
1037 3526 1074 3593 in
1104 3526 1225 3615 quibus
1256 3525 1298 3610 ii,
1331 3524 1390 3614 qui
1410 3546 1497 3612 pug-

371 3681 471 3760 nant,
507 3674 639 3764 gladios
675 3673 839 3761 gerunt’',
874 3671 937 3737 Ion
964 3671 1030 3738 664
1055 3667 1195 3750 βουθύτῳ
1217 3667 1269 3733 οὺι
1291 3668 1373 3749 ἡδονῇ
1401 3691 1497 3754 ,oum

372 3818 566 3907 voluptate,
591 3839 677 3906 quae
702 3838 743 3883 ex
765 3814 977 3882 immolandis
1000 3814 1104 3880 bobus
1126 3813 1313 3902 percipitur
1323 3813 1351 3893 '',
1376 3811 1497 3901 Suppl.

374 3963 439 4029 773
474 3960 600 4039 μολπόις
635 3959 733 4040 ἐκχέοι
776 3956 966 4040 δακρυρρόους
1008 3960 1150 4041 ,cantus
1186 3956 1264 4039 ed0,
1299 3978 1381 4044 quos
1415 3955 1498 4022 dum

373 4126 476 4188 oauo,
500 4104 571 4192 ipse
595 4104 736 4171 lacrimo
746 4103 775 4188 ,'’
804 4100 926 4169 Troad.
957 4099 1042 4165 1003
1063 4097 1218 4178 δοριπετὴς
1241 4096 1355 4174 οὶγυυίοι
1372 4104 1498 4183 ,eorta-

374 4270 466 4332 men,
498 4247 534 4313 in
565 4269 629 4336 quo
652 4246 753 4314 hasta
775 4229 925 4312 homines
949 4242 1091 4326 cadunt,
1115 4241 1408 4326 interficiuntur,”
1433 4266 1497 4331 pro

373 4389 657 4480 interpretatione
703 4387 928 4478 paraphrasin
967 4387 1126 4474 praebet,
1168 4408 1254 4474 quae
1288 4385 1375 4453 nibil
1408 4385 1499 4455 lueis
