3296 5342
945 633 989 700 38

455 822 546 902 όμμα
578 848 643 914 quo
675 823 871 912 Aeschylus
904 824 1149 914 periphrsshiee
1184 847 1248 892 non
1279 825 1409 908 ulium,
1439 825 1517 914 apud

497 966 697 1056 Euripidem
736 967 905 1035 invenies:
943 966 1079 1056 Hippoi
1125 968 1192 1034 886
1234 965 1270 1032 τό
1303 966 1409 1044 τέμνον
1441 967 1517 1043 zeba

500 1108 577 1187 ὄμμ’
608 1108 783 1187 οότιμοόοας,
818 1109 918 1177 Here.
948 1109 988 1176 F.
1014 1111 1102 1177 1200
1126 1108 1282 1187 αἰδόμενος
1303 1109 1338 1174 τό
1360 1110 1408 1174 τόν
1428 1108 1518 1188 όμμα.

410 1253 533 1322 Phoen.
559 1255 646 1322 1702
672 1247 693 1316 ό
717 1253 870 1333 Φίλτατον
893 1253 959 1328 δῆτ’
983 1251 1072 1330 όμμα
1096 1251 1288 1325 Πολυνείκους
1311 1251 1388 1329 ἐμοί.

455 1403 569 1475 σχῆμα
590 1353 624 1481 ἰ)
653 1393 848 1482 Aeschylus
872 1394 965 1483 Sept.
988 1395 1056 1462 488
1078 1395 1120 1462 de
1143 1394 1410 1484 Hippomedonhe
1431 1416 1518 1462 usur·

502 1542 590 1636 pul:¹
608 1535 840 1614 Ἱππομέδοντος
862 1543 986 1616 σχῆμα.

454 1677 553 1744 Locis
576 1677 692 1745 uitalis
717 1677 863 1766 Choeph.
886 1679 962 1762 893,
983 1677 1107 1745 Phoen.
1131 1679 1184 1762 56,
1199 1678 1296 1763 1702,
1310 1677 1431 1746 Trosd.
1443 1678 1516 1761 656,

410 1818 547 1908 Hippol.
570 1820 635 1887 886
658 1819 833 1907 epitheton
856 1819 1035 1908 oopulssur
1054 1842 1130 1887 eum
1149 1842 1204 1904 eo,
1217 1820 1305 1909 quod
1316 1818 1517 1909 pe1iphrasin

409 1960 505 2029 feeit.
528 1961 623 2028 Idem
644 1985 709 2029 usu
731 1962 829 2030 veuit
851 1963 881 2029 si
904 1961 1079 2050 epitheton
1101 1968 1155 2030 est
1177 1964 1406 2052 compositum.

453 2102 556 2190 Apud
576 2101 850 2191 Aeschylum
871 2105 1016 2192 legitur:

452 2244 546 2312 Pers
574 2246 638 2312 901
663 2244 826 2324 οὶκοόματον
849 2246 882 2312 δὲ
907 2256 1003 2327 ταρῆν
1025 2244 1131 2320 σθένος
1154 2247 1272 2328 οὶνδρῶν.

453 2385 546 2474 Seps.
594 2388 658 2454 521
705 2389 754 2452 τόν
790 2389 859 2462 Διός
902 2388 1064 2453 οόντότυτον
1095 2387 1196 2468 ἔχοντ’
1231 2387 1345 2470 όοφιλον
1379 2393 1410 2455 ἐν
1440 2388 1516 2456 σόκει

410 2531 462 2590 τοῦ
495 2525 620 2606 χθονίου
655 2528 755 2606 δέμας
790 2530 943 2608 δαίμονος,
975 2531 1221 2619 periphrastice
1251 2555 1312 2620 pro
1335 2533 1385 2596 τόν
1407 2530 1517 2614 χθόνιον

409 2670 548 2748 δαίμονα.
574 2710 615 2720 -

451 2813 720 2903 Euripides
745 2815 828 2882 haee
849 2816 973 2883 habet:

438 2956 515 3022 ‘Ion
538 2956 623 3024 1261
648 2951 670 3020 ci
691 2955 899 3038 ταυρόμορφον
921 2956 1010 3036 όμμα
1035 2957 1171 3038 Κνφόοου
1193 2958 1317 3039 πατρός.

452 3097 563 3164 Orest.
589 3099 675 3166 1386
700 3097 878 3180 ὀρνιθόγονον
901 3098 991 3177 όμμα
1014 3100 1208 3182 κυκνόττερον
1232 3102 1415 3177 Δνοελὲνας.
1437 3102 1516 3171 Nam

408 3238 456 3306 sie
477 3239 623 3307 fortasse
646 3241 770 3329 optime
793 3242 877 3310 haee
897 3245 1004 3311 verbs
1026 3244 1285 3331 coniunguntur.

451 3379 562 3448 Eleos.
585 3383 651 3450 459
675 3382 869 3462 λαιμοτόμαν
892 3385 975 3466 Φυόιν
997 3384 1145 3467 Γόργονος.

451 3521 549 3610 Cycl.
571 3525 638 3592 438
663 3524 826 3600 Κόκλυοτος
849 3526 1033 3608 ἕκφυρόντες
1056 3527 1169 3593 οόνόοιον
1190 3528 1279 3611 κοόρα.

451 3667 502 3734 De
526 3667 603 3736 Hel.
628 3669 694 3735 204
720 3668 871 3750 Κοόοτορός
893 3693 928 3734 τε
952 3669 1094 3749 συγγόνου
1117 3695 1152 3736 τε
1175 3672 1369 3750 διδυμογενὲς
1387 3672 1515 3752 ἄγαλμα

407 3808 550 3890 τατρόδος
572 3810 640 3877 ism
663 3812 792 3899 egimus
814 3835 870 3900 pg.
896 3813 947 3879 10.

450 4033 482 4098 2.
506 4032 563 4099 Ad
584 4033 676 4117 loce,
700 4035 851 4103 membre
875 4036 1038 4124 eorporis,
1058 4038 1290 4128 insuimssque
1310 4063 1365 4109 res
1386 4041 1514 4108 eircum-

448 4287 476 4368 1)
506 4291 609 4350 Eadem
638 4308 702 4350 vocs
734 4291 880 4366 Sophocles
911 4295 944 4353 de
974 4297 1053 4354 antro
1083 4297 1172 4355 utitur
1198 4297 1272 4357 Phil.
1301 4297 1374 4358 952:
1395 4298 1514 4366 δσχῦνν

404 4391 496 4455 τότροις
512 4392 622 4446 δίπυλον.
690 4435 693 4440 .
