3296 5342
898 622 941 688 56

344 815 611 899 interficiens?
635 839 702 883 nou
728 840 876 905 „pugna
899 818 1027 907 inqua
1049 819 1278 886 caedebantur
1300 817 1487 904 gigautcs’'

363 954 563 1040 (Rdmheld).

407 1097 470 1164 Ion
504 1099 569 1166 987
603 1093 697 1164 οἶσθα
729 1108 842 1178 γηγενῆ
875 1097 999 1180 μάχιρν,
1025 1099 1067 1168 cf.
1092 1098 1187 1188 Cycl.
1212 1103 1233 1167 5
1258 1098 1345 1181 ἀμφὶ
1369 1108 1487 1177 γηγενῆ

362 1262 482 1319 aazia

408 1382 523 1471 Suppl.
549 1384 614 1450 525
638 1383 846 1464 ἀνδροκμῆτας
873 1389 901 1468 ¹)
926 1385 1075 1469 ἀγωνίας,
1103 1386 1219 1470 „viros
1242 1385 1485 1453 interficiens.”

407 1523 530 1590 Phoen.
555 1525 621 1592 500
645 1526 694 1590 οὐκ
717 1521 750 1600 ῆν
773 1525 810 1590 ἀν
829 1526 1024 1608 ἀμφίλεκτος
1046 1525 1214 1608 ἀνθρώποις
1237 1525 1296 1607 ἔρις
1323 1528 1485 1612 „haderu-

362 1665 425 1731 der
459 1665 600 1734 Streit.'’
637 1667 834 1748 ἀμφίλεκτος
867 1670 957 1736 idem
991 1674 1044 1736 est
1077 1640 1123 1736 ac
1152 1667 1346 1752 ἀμφιλόγος,
1394 1668 1487 1759 quod

362 1806 492 1893 legitur
529 1809 617 1876 Med.
654 1811 719 1877 667
762 1809 934 1892 ἀμφιλόγοι
974 1811 1078 1894 όργαό,
1123 1812 1222 1899 Soph.
1259 1810 1379 1898 Antig.
1418 1811 1484 1877 111

289 2019 292 2024 ,
362 1950 477 2015 νεικέων
500 1950 534 2028 ἐξ
556 1952 752 2033 ἀμφιλόγων.

386 2093 574 2171 ,Similiter
608 2096 696 2162 Med.
732 2098 797 2164 638
828 2095 978 2178 ἀκόρεστον
1000 2096 1087 2171 ’νεόκκ
1110 2120 1184 2164 cum
1207 2097 1358 2185 epitheto
1382 2117 1484 2183 agen-

360 2234 458 2302 tium.
489 2275 532 2284 -
1315 2203 1320 2217 Ι

406 2378 456 2447 Ut
475 2382 565 2468 apud
585 2379 805 2468 Aeschylum,
825 2382 954 2448 notioni
977 2380 1129 2464 „caedis”
1150 2380 1290 2447 additur
1309 2378 1484 2467 epitheton

361 2522 505 2590 hominis
540 2524 730 2606 caedentis,
765 2528 903 2611 praeter
935 2524 1038 2592 Herc.
1073 2523 1112 2590 F.
1136 2523 1220 2604 669,
1249 2522 1374 2588 Ρὶιοοη,
1399 2521 1482 2604 880,

363 2665 476 2732 Orest.
500 2667 575 2749 945,
600 2666 724 2732 Phcen.
750 2667 816 2732 334
839 2665 929 2752 (vide
953 2689 1008 2753 pg.
1033 2666 1100 2752 51),
1124 2664 1296 2731 hocloco:

406 2808 484 2876 Hel.
511 2810 576 2875 154
607 2770 640 2872 ,ἐν
663 2812 770 2888 φοναῖς
800 2806 1000 2890 θηροκτόνοις,
1036 2808 1078 2875 de
1108 2830 1173 2896 qno
1204 2807 1282 2874 vide
1306 2828 1361 2894 pg.
1382 2805 1424 2873 13
1448 2807 1484 2870 et

362 2949 441 3017 aliis
464 2950 546 3018 locis
570 2954 748 3040 quattuor,
776 2952 835 3018 ubi
859 2947 941 3029 αἷμα
964 2974 1025 3039 pro
1048 2948 1136 3031 Φόνοι
1161 2955 1229 3017 est:

407 3094 507 3161 Herc.
531 3094 571 3160 F.
598 3096 682 3161 1201
718 3093 873 3171 αἰδόμενος
904 3090 987 3171 αἷμα
1017 3091 1214 3174 παιδοφόνον,
1246 3093 1359 3160 activo
1383 3114 1482 3160 sensu

366 3259 506 3324 „pueros
537 3237 776 3321 interficiens”‚
812 3261 912 3326 quam
946 3238 986 3302 cb
1017 3259 1088 3302 rem
1112 3233 1317 3315 παροξυτόνως
1341 3235 1481 3302 scriben-

364 3379 444 3445 dum
468 3385 530 3446 est.
560 3379 588 3466 ²)

409 3523 521 3589 Orest.
545 3521 610 3588 833
634 3520 830 3602 ματροκτόνον
853 3517 936 3596 αἷμα
960 3543 1013 3600 χει
1032 3519 1041 3583 i
1064 3517 1191 3584 θέσθαι.

457 3716 471 3748 ,,
528 3665 615 3731 1649
639 3663 720 3738 δι’κνν
742 3661 880 3742 ὑπόσχες
903 3661 1036 3740 αἵματος
1060 3661 1265 3743 μητροκτόνον.

410 3808 532 3875 Bacch.
555 3809 618 3875 139
643 3806 774 3888 ἀγρεύων
797 3803 881 3883 αἷμα
903 3804 1107 3887 τραγοκτόνον.

409 4067 437 4146 1)
459 4067 536 4126 Idem
556 4069 695 4142 epitheton
715 4068 818 4141 legitur
837 4068 910 4140 apud
930 4065 1099 4139 Aeschylum
1120 4067 1251 4138 quattuor
1270 4063 1354 4122 locis:

405 4174 524 4248 Choeph.
553 4175 610 4233 889
643 4177 802 4243 ἀνδροκμῆτα
826 4179 942 4235 τόλιιινν.
972 4172 1087 4229 Eumen.
1119 4172 1177 4229 248
1197 4178 1307 4239 μόχθοις
1325 4171 1479 4238 ἀνδροκμῆσι,

365 4283 430 4342 ibid.
453 4283 512 4342 956
531 4289 618 4350 τνχδις
634 4285 812 4351 ἀνδροκμῆτας,
834 4281 930 4356 Suppl.
952 4279 1011 4338 679
1032 4283 1120 4346 λοιγὸς
1136 4281 1280 4345 ἀνδροκμῆς.

406 4390 435 4463 2)
456 4390 606 4449 Rdmheld:
629 4389 764 4462 «sanguis
783 4387 933 4446 occisorum
952 4402 1119 4459 puerorum»
1139 4386 1344 4458 iuterpretatur.
