3296 5342
949 629 992 694 58

412 821 576 909 supplicio
609 822 754 890 Plautus
786 823 861 910 egit
892 822 989 910 Cepi.
1015 824 1098 889 597:
1129 821 1194 887 Pix
1216 821 1330 908 agitet
1352 820 1439 908 apud
1459 842 1517 886 oar·

412 963 553 1030 nufioem
576 969 701 1052 tuoque
724 965 831 1052 capiti
853 966 1013 1032 inluoeet.

456 1105 579 1191 Agam.
605 1107 691 1173 1530
714 1104 908 1188 ξιφοδηλήτῳ
930 1105 1057 1188 θανότῳ
1081 1105 1189 1181 τόσας,
1212 1105 1293 1186 όόπερ
1317 1104 1406 1188 ἔρξον.
1451 1106 1453 1110 ’

456 1244 659 1326 ξιφοδηλητος
705 1249 845 1335 „gladio
886 1250 1027 1316 laesus'’
1070 1274 1137 1317 non
1182 1251 1324 1336 „gladio
1364 1249 1516 1317 laedens”

415 1388 576 1474 (Dindorf
596 1413 622 1455 s.
647 1389 703 1475 v.),
738 1391 827 1478 quod
859 1387 978 1458 sarium
1009 1415 1142 1458 sensum
1172 1415 1238 1458 non
1261 1393 1416 1479 praebet,
1439 1391 1517 1477 Aga·

412 1555 564 1598 memnon
597 1532 669 1620 ipse
701 1539 761 1599 est.
799 1533 945 1621 Choeph.
972 1535 1036 1601 729
1059 1539 1172 1602 'remen
1196 1532 1398 1614 ξοφοδήλητος
1421 1533 1517 1600 activo

415 1696 515 1741 sensu
539 1680 723 1763 usurpatur
746 1676 787 1743 cf.
812 1700 867 1764 pg.
893 1677 945 1743 52.

457 1781 620 1883 Fortasse
644 1817 748 1883 etiam
773 1818 886 1883 eodem
911 1818 1006 1882 modo
1029 1817 1323 1906 interpretandum
1349 1821 1415 1885 est:

459 1960 568 2026 Prom.
604 1960 671 2026 860
705 1958 871 2037 Πελασγία
906 1959 939 2023 δὲ
975 1957 1098 2034 δέξεται
1133 1960 1218 2044 (soil.
1250 1960 1339 2027 filios
1363 1958 1517 2046 Aegypti)

414 2099 586 2182 θηλυκτόνῳ
610 2102 700 2182 ’Άρει
729 2124 776 2186 „a
799 2102 997 2168 mulieribus
1015 2102 1256 2184 interfectus'’,
1278 2102 1411 2168 collatis
1432 2099 1516 2187 Soph.

414 2246 500 2312 Aias
524 2247 589 2311 252
613 2243 801 2325 πεφόβημαι
825 2242 1021 2308 λιθόλευστον
1044 2245 1143 2325 ”Αρη,
1178 2244 1260 2311 Ant.
1287 2246 1329 2310 36
1353 2242 1437 2324 Φόνου
1458 2263 1517 2322 προ-

413 2387 537 2454 κεῖσθαι
570 2387 773 2466 δημόλευστον
807 2389 836 2452 ἕν
871 2387 976 2461 πόλει,
1012 2412 1098 2477 quae
1135 2388 1288 2475 epitheta
1321 2386 1451 2475 proprie
1482 2382 1518 2448 ed

413 2554 590 2620 personam
623 2532 805 2598 referenda
839 2531 911 2597 sine
943 2530 1043 2596 dubio
1074 2526 1334 2610 προπαροξυτόνως
1359 2523 1519 2596 scribenda

415 2677 511 2757 sunt,
546 2674 687 2761 ideoque
720 2672 847 2738 hebent
883 2694 1016 2739 sensum
1052 2672 1225 2758 passivum
1259 2672 1301 2737 of.
1333 2667 1463 2736 Lobeok
1483 2668 1519 2731 ed

414 2816 555 2882 Aiacem
584 2840 636 2882 vs,
661 2815 725 2880 325
757 2821 792 2881 et
815 2815 895 2896 252,
924 2814 983 2902 qui
1007 2821 1178 2901 comparat
1201 2814 1352 2880 Maneth.
1377 2813 1442 2880 IV:
1464 2809 1520 2877 614

414 2955 549 3029 θάνατος
571 2954 731 3036 θηρόβορος
758 2978 800 3039 „a
819 2956 939 3022 bestiis
964 2956 1178 3023 devoratus'’.

458 3099 580 3185 Agem.
618 3101 704 3168 13119
739 3097 827 3179 Φόνου
858 3096 943 3174 δόροον
974 3098 1109 3162 πνέουσιν
1139 3099 1359 3176 αἱματοσταγῆ
1392 3117 1520 3183 „cruore

415 3241 578 3310 stillans‘'
604 3243 726 3309 collato
750 3265 824 3308 oum
848 3241 941 3329 Sept.
966 3242 1031 3307 836
1054 3240 1300 3317 αἱματοσταγεῖς
1323 3239 1443 3321 νεκρούς.

458 3529 557 3616 Apud
579 3527 841 3615 Euripidem
863 3526 1009 3612 legitur:

458 3670 620 3737 Androm.
664 3672 728 3737 399
771 3667 837 3745 ἥτις
879 3669 1011 3749 σφαγὰς
1053 3670 1110 3747 μὲν
1144 3670 1286 3750 Ἕκτορος
1326 3666 1521 3751 τροχηλότους

412 3812 561 3876 κατεῖδον

457 3953 648 4034 τροχόλατος
690 3954 781 4041 apud
815 3958 887 4021 tres
921 3953 1073 4039 tragicos
1107 3954 1270 4037 occurrit,
1306 3955 1366 4021 sed
1400 3953 1521 4020 diversa

413 4095 670 4182 significatione.
706 4095 780 4162 Hoc
802 4097 873 4162 looo
897 4095 1115 4183 compositum
1142 4096 1246 4179 „rotis
1270 4097 1442 4184 agitatus'’
1465 4093 1521 4177 sig·
1612 4103 1613 4148 1

412 4240 539 4305 nificat.
582 4240 672 4305 Item
713 4238 790 4326 Iph.
835 4239 873 4306 Τ.
907 4241 967 4304 82;
1002 4235 1194 4318 τροχηλάτου
1228 4239 1359 4316 μανίας,
1397 4241 1436 4307 (10
1467 4257 1521 4326 quo
1612 4209 1613 4258 1

411 4381 490 4448 vide
524 4403 580 4467 pg.
605 4381 657 4446 80.
695 4380 874 4468 Sophocles
907 4380 1018 4447 Eleot.
1052 4381 1096 4446 49
1129 4380 1279 4468 epitheto
1311 4383 1352 4450 de
1383 4379 1521 4450 curribus
1612 4439 1613 4448 ,
