3296 5342
716 641 738 707 9

158 835 301 903 flumina
323 835 469 903 incolere
492 837 670 925 putebant.
695 835 862 925 Equidem
881 859 956 904 cum
980 834 1017 904 G.
1030 834 1236 903 C.Heusen0
1253 833 1282 920 ¹)

157 978 274 1066 potius
308 978 425 1056 credo,
457 1000 478 1045 a
507 982 609 1066 poeta
639 977 764 1045 flumen
793 982 966 1067 tamquam
988 977 1157 1065 virginem
1180 974 1284 1042 oculis

158 1120 287 1188 uostris
324 1120 438 1187 subici.
473 1091 659 1208 Epithetcn
688 1120 799 1207 igitur
832 1119 1131 1187 determinativum
1164 1123 1217 1185 est
1249 1121 1286 1185 et

158 1259 401 1344 καλλιπάρθενοι
424 1263 514 1330 idem
538 1263 656 1331 valent
679 1285 720 1330 ac
741 1261 803 1344 ρὀαὶ
825 1262 921 1327 καλαὶ
944 1259 1100 1343 παρθένοι.
1130 1259 1285 1326 Eundem

159 1405 196 1472 iu
237 1405 372 1473 modum
414 1404 542 1471 dictum
584 1407 638 1471 est
678 1404 799 1471 Bacch.
836 1404 902 1471 520
936 1405 1094 1483 Ἀχελῴου
1128 1397 1285 1481 θύγατερ,

161 1544 334 1629 εὐπάρθενε
371 1545 486 1626 Δίρκα,
518 1549 554 1613 et
584 1545 677 1614 Pera.
710 1547 775 1612 613
806 1544 933 1623 λιβάσιν
963 1544 1103 1623 ὑδρηλαῖς
1133 1539 1286 1623 παρθένον

159 1696 264 1767 πηγῆς
299 1686 401 1766 μετά,
431 1688 492 1754 ubi
521 1685 673 1767 παρθένον
704 1686 911 1755 adieciivum
934 1691 1004 1769 est,
1027 1685 1116 1774 quod
1140 1706 1168 1781 a¹
1184 1683 1285 1751 schol.

159 1855 223 1921 per
245 1829 391 1912 καθαράς
418 1830 619 1918 explicatur.

206 1973 283 2056 Quo
305 1973 453 2040 fortasse
471 1972 598 2039 nititur
618 1972 806 2039 Hermanni
826 1971 1009 2055 sententia,
1031 1993 1133 2059 quam
1142 1971 1287 2058 probare

160 2138 229 2182 ncu
257 2136 415 2202 possum,
433 2114 609 2181 ‘censentis
632 2113 710 2180 Hel.
735 2137 784 2180 vs.
809 2113 827 2179 1
863 2112 1062 2201 Euripidem
1084 2134 1190 2201 aquas
1212 2110 1288 2178 Nili

161 2259 320 2346 spectare
353 2256 482 2323 nullius
517 2278 591 2322 cum
622 2255 710 2324 alius
740 2255 839 2325 fluvii
868 2256 965 2345 aquis
989 2255 1203 2338 commixtam
1228 2253 1287 2321 sed

161 2421 180 2466 e
205 2399 289 2465 aclis
312 2397 448 2467 nivibus
474 2401 670 2484 prognatae.

205 2539 297 2606 Vide
320 2539 411 2627 apud
434 2540 573 2606 Hensen
594 2538 618 2605 l.
642 2563 670 2606 c.
694 2540 714 2605 I
735 2562 791 2627 pg.
816 2540 881 2606 227
906 2540 1010 2608 etiam
1034 2539 1187 2627 exempla
1208 2561 1288 2604 non-

160 2682 261 2749 nulla
294 2705 313 2748 e
343 2681 478 2748 Latinis
509 2682 616 2770 poetis
648 2682 772 2750 ciiaia:
801 2684 907 2769 Verg.
920 2682 1022 2780 ⁸Copa
1046 2683 1088 2750 15
1111 2647 1287 2768 virgineus

160 2824 283 2892 amnis.
318 2824 416 2891 Ovid.
447 2824 564 2891 Amor.
589 2826 626 2907 3,
652 2826 716 2891 385
747 2848 809 2892 nec
833 2849 890 2893 vos
913 2826 1057 2914 Campus
1080 2825 1201 2906 habet,
1225 2846 1288 2890 nec

161 2981 224 3034 νινε
259 2967 470 3054 gelidissima
503 2968 621 3056 Virgo.
656 2969 752 3035 Face.
789 2969 825 3051 1,
858 2969 926 3035 464
959 2968 1116 3054 virginea
1150 2989 1287 3055 campus

161 3109 279 3176 obiim·
302 3131 401 3197 aqua.
420 3108 477 3176 Ad
500 3106 743 3190 καλλιπάρθενοι
762 3133 821 3199 pro
843 3108 940 3173 καλαὶ
964 3106 1109 3192 παρθένοι
1131 3109 1173 3177 cf.
1196 3110 1224 3176 I.
1247 3109 1286 3175 Τ.

163 3251 255 3317 1234
280 3249 391 3323 εὔπαις
414 3251 427 3314 ὁ
451 3254 575 3324 Λατοῦς
605 3249 698 3328 γάνος.
723 3251 833 3320 Orest.
855 3253 922 3319 964
944 3251 1155 3333 Περσέφασσα
1176 3251 1288 3317 καλλιᾏ

165 3415 243 3465 παις
267 3389 339 3456 θεά.
365 3431 408 3439 -

211 3675 317 3757 βρόχῳ
353 3674 513 3756 ε’νάψαοαν
546 3677 650 3754 εὐγενῆ
683 3677 776 3759 δὲρνρν.
830 3679 952 3758 εὐγενής
985 3680 1007 3746 i.
1039 3703 1070 3768 q.
1108 3679 1286 3764 „nobilis”

164 3818 342 3906 epitheton
366 3827 419 3886 est
441 3819 530 3907 quod
552 3820 687 3908 proprie
710 3844 874 3919 persenae
897 3822 1034 3890 additur
1058 3822 1099 3908 ²).
1130 3822 1165 3889 A
1187 3831 1289 3911 poeta

210 4185 238 4258 ¹)
264 4186 409 4245 Poetiache
427 4186 652 4246 Pcrscuificatiou
672 4188 702 4246 in
722 4188 916 4260 Gricchiachcu
935 4189 1114 4264 Dichtuugeu
1133 4190 1149 4248 I
1169 4207 1197 4265 p.
1219 4190 1287 4248 227.

210 4291 240 4364 ²)
260 4291 297 4352 cf.
317 4307 358 4355 vs.
381 4292 419 4351 10
439 4293 531 4359 ιάγινῆ
547 4296 684 4360 παρθένον,
704 4296 732 4352 et
751 4294 803 4352 Ph.
824 4293 896 4366 445,
927 4295 990 4353 Alo.
1010 4295 1079 4354 333.
1112 4295 1198 4354 Andr.
1217 4293 1288 4354 566.

168 4397 232 4458 lou.
252 4399 323 4458 392.
352 4398 391 4458 H.
411 4399 445 4457 F.
466 4399 535 4459 843.
565 4399 611 4460 El.
631 4401 705 4473 528,
727 4401 829 4460 multos
848 4401 917 4460 elios
937 4402 1019 4464 locos.
1281 4423 1282 4428 ¹
