3296 5342
920 634 963 702 10

289 870 292 878 ·
372 829 491 894 temen
513 826 558 894 ad
579 831 712 915 partem
734 827 882 916 corporis
905 828 1130 912 transfertur,
1154 829 1310 916 quoniam
1328 827 1496 896 cervicem

374 990 632 1036 commemorans
654 976 763 1037 totam
785 992 961 1058 personam
981 970 1119 1057 cogitat.
1145 969 1240 1052 Quae
1259 969 1369 1056 igitur
1381 972 1494 1037 trans-

373 1109 459 1179 latio
482 1111 723 1200 synecdochica
745 1111 820 1179 iure
843 1111 910 1179 dici
933 1119 1056 1200 potest.
1084 1112 1174 1181 Item
1196 1136 1247 1180 vs.
1273 1112 1376 1178 1186:
1401 1108 1436 1175 ἓιι
1458 1134 1495 1175 τε

372 1253 481 1334 οιροιτδς
504 1252 640 1330 εὐγενοῦς
661 1251 762 1331 κίμοις
784 1251 968 1334 οὶτιὲθριοοις.
992 1291 1035 1303 -

403 1510 459 1602 'In
495 1537 608 1605 verbis
647 1535 797 1619 Κοίοτορίς
827 1561 863 1602 τε
897 1535 1040 1617 συγγόνου
1073 1561 1109 1602 τε
1139 1536 1333 1616 διδυμογενὲς
1355 1535 1494 1616 οίγοολμοι

372 1678 520 1761 πατρίδος
551 1681 618 1749 adi.
644 1681 839 1760 διδυμογενὲς
852 1681 993 1770 'proprie
1019 1680 1063 1748 a'd
1085 1681 1214 1749 fratres
1237 1681 1388 1767 geminos
1412 1679 1492 1750 Cas·

370 1824 479 1888 torem
520 1826 557 1890 et
596 1823 767 1892 Pollucem
805 1824 978 1912 pertinere
1019 1823 1093 1890 luce
1135 1823 1262 1891 clarius
1296 1831 1358 1892 est.
1395 1823 1493 1907 Quod

369 1965 484 2030 tamen
513 1964 718 2031 adiectivum
750 1965 968 2054 compositum
997 1965 1137 2033 additur
1165 1965 1240 2032 voci
1270 1964 1409 2043 ι’ίγοιλμοι
1430 1964 1492 2032 hoc

369 2103 422 2172 ita
454 2106 690 2193 explicandum
725 2111 794 2190 est,
829 2111 870 2175 ut
903 2130 965 2196 per
996 2105 1136 2186 οίγοιομοι
1166 2107 1322 2175 adhibita
1347 2116 1492 2195 aposta

368 2247 578 2335 periphrasi,
610 2271 697 2338 quae
727 2250 919 2336 singulares
949 2249 1097 2318 homines
1129 2272 1306 2337 eorumque
1330 2248 1489 2318 condicit>

368 2412 446 2457 nem
480 2391 635 2479 depingit
667 2415 706 2459 ac
733 2392 910 2478 describit,
937 2393 1111 2482 epithetcu
1133 2416 1208 2460 cum
1231 2415 1269 2460 eo
1292 2393 1381 2480 quod
1402 2390 1489 2478 peri·

370 2532 512 2620 phrasin
533 2534 619 2601 facit
641 2535 834 2621 copulatum
856 2557 929 2603 esse
951 2535 1194 2622 intelligamus.

415 2674 519 2740 Porro
553 2673 748 2768 διδυμογενές
780 2699 840 2763 pro
873 2675 1017 2765 simplici
1046 2675 1173 2754 δίδυμος
1196 2676 1323 2743 dictum
1345 2675 1389 2743 ad
1411 2697 1486 2744 eun·

371 2815 446 2882 dem
478 2839 575 2884 usum
608 2818 824 2886 referendum
855 2825 921 2902 est,
944 2841 1009 2906 quo
1032 2819 1116 2887 dicit
1137 2826 1238 2906 poeta
1259 2815 1392 2900 τρίζογοι
1415 2814 1488 2882 θεοί

367 2981 429 3046 pro
463 2965 542 3040 τρεῖς
576 2958 660 3026 θεοί.
697 2961 747 3029 Cf.
778 2961 833 3029 El.
865 2963 929 3029 117
958 2961 1062 3040 δίγονοι
1092 2961 1243 3039 οιίμοιτοι,
1267 2961 1310 3027 Η.
1334 2963 1375 3030 F.
1401 2961 1487 3029 1023

368 3099 462 3164 τέκνοι
492 3101 632 3210 τρίγονοι,
662 3105 726 3171 Ion
755 3105 822 3171 496
845 3102 927 3184 κίροιι
949 3103 1083 3186 τρίγονοι.
1108 3104 1226 3173 Oratio
1250 3105 1340 3171 enim
1362 3111 1398 3172 et
1419 3104 1487 3172 Ae·

368 3244 513 3332 schylea
555 3251 590 3314 et
623 3247 811 3334 Euripides
845 3248 998 3314 abundat
1032 3247 1193 3337 epithetis
1228 3271 1302 3314 cum
1334 3269 1418 3324 γονος
1452 3256 1487 3316 et

366 3386 455 3464 νενίι
485 3389 692 3477 compositis,
723 3413 866 3478 quorum
896 3390 1055 3458 nascendi
1077 3391 1169 3457 notio
1192 3390 1228 3456 in
1252 3390 1364 3457 altera
1386 3398 1486 3478 parte

368 3530 562 3618 conspicua,
599 3532 718 3599 addita
752 3537 904 3614 tantum,
947 3535 988 3598 ut
1020 3533 1151 3620 plenior
1184 3533 1247 3600 fiat
1281 3542 1316 3600 et
1347 3533 1485 3601 auribus

367 3673 475 3756 magis
506 3674 684 3740 blandiens
707 3674 830 3758 oratio,
857 3674 988 3761 saepius
1013 3675 1195 3742 evanescit.
1220 3676 1314 3742 Pers.
1335 3678 1355 3742 6
1379 3673 1485 3757 Ξέρξης

367 3815 565 3894 Δοιρειογενιίς
599 3817 818 3904 compositum
850 3816 983 3905 quidem
1015 3816 1150 3905 plenam
1181 3818 1285 3894 hahet
1315 3817 1484 3905 significa·

366 3955 493 4024 tionem
527 3979 640 4041 suam,
677 3980 764 4046 quae
795 3957 899 4026 etiam
929 3959 1023 4027 Pers,
1057 3960 1098 4024 12
1131 3958 1221 4040 ίοχὺς
1250 3961 1483 4038 Ἀσιατογενὴς,

363 4097 410 4163 ib.
434 4099 478 4164 43
503 4097 691 4178 ἠπειρογενὲς
715 4097 816 4173 ἔθνος,
840 4098 963 4187 Agam.
986 4102 1052 4167 898
1075 4102 1232 4180 μονογενὲς
1254 4102 1376 4204 τέκτονι,
1400 4103 1482 4171 Hec.

364 4240 431 4305 458
457 4201 638 4320 τρωτίγονος
661 4237 761 4321 Φοίνιξ
783 4241 1021 4329 quodammodo
1045 4243 1202 4311 sentitur.
1227 4243 1295 4311 Sed
1312 4244 1405 4334 Sept.
1418 4244 1481 4312 741

367 4384 558 4462 τοιλοιιγενίις
581 4381 762 4464 τοιρβοιοίοι,
785 4383 908 4471 Agam.
922 4387 1008 4454 1637
1028 4383 1143 4467 ἐχθρὸς
1158 4386 1364 4462 τολοιγενιίς,
1385 4388 1482 4454 Eum.
