<?xml version="1.0" encoding="UTF-8"?>
<!DOCTYPE html PUBLIC "-//W3C//DTD XHTML 1.0 Transitional//EN"
    "http://www.w3.org/TR/xhtml1/DTD/xhtml1-transitional.dtd">
<html xmlns="http://www.w3.org/1999/xhtml" xml:lang="en" lang="en">
 <head>
  <title>
</title>
<meta http-equiv="Content-Type" content="text/html;charset=utf-8" />
  <meta name='ocr-system' content='tesseract 3.04.00' />
  <meta name='ocr-capabilities' content='ocr_page ocr_carea ocr_par ocr_line ocrx_word'/>
</head>
<body>
  <div class='ocr_page' id='page_1' title='image "./quaestionesdeep00anrogoog_0040.png"; bbox 0 0 3296 5342; ppageno 0'>
   <div class='ocr_carea' id='block_1_1' title="bbox 685 652 729 720">
    <p class='ocr_par' dir='ltr' id='par_1_1' title="bbox 685 652 729 720">
     <span class='ocr_line' id='line_1_1' title="bbox 685 652 729 720; baseline 0.045 -2"><span class='ocrx_word' id='word_1_1' title='bbox 685 652 729 720; x_wconf 80' lang='lat'><strong>27</strong></span> 
     </span>
    </p>
   </div>
   <div class='ocr_carea' id='block_1_2' title="bbox 134 845 1261 1217">
    <p class='ocr_par' dir='ltr' id='par_1_2' title="bbox 134 845 1261 1217">
     <span class='ocr_line' id='line_1_2' title="bbox 180 845 1261 935; baseline -0.004 -20"><span class='ocrx_word' id='word_1_2' title='bbox 180 846 306 935; x_wconf 82' lang='lat' dir='ltr'><strong>Agam.</strong></span> <span class='ocrx_word' id='word_1_3' title='bbox 320 849 407 917; x_wconf 85' lang='lat'>1405</span> <span class='ocrx_word' id='word_1_4' title='bbox 423 847 596 927; x_wconf 67' lang='grc' dir='ltr'><strong><em>θανάσιμον</em></strong></span> <span class='ocrx_word' id='word_1_5' title='bbox 606 848 684 927; x_wconf 76' lang='grc' dir='ltr'><strong><em>γόον,</em></strong></span> <span class='ocrx_word' id='word_1_6' title='bbox 702 847 784 915; x_wconf 89' lang='lat' dir='ltr'>ibid.</span> <span class='ocrx_word' id='word_1_7' title='bbox 799 849 886 915; x_wconf 81' lang='lat'>1276</span> <span class='ocrx_word' id='word_1_8' title='bbox 899 845 1091 924; x_wconf 68' lang='grc' dir='ltr'><strong><em>θανασίμους</em></strong></span> <span class='ocrx_word' id='word_1_9' title='bbox 1111 847 1261 934; x_wconf 55' lang='lat' dir='ltr'><strong>rixam)</strong></span> 
     </span>
     <span class='ocr_line' id='line_1_3' title="bbox 134 987 1155 1082; baseline -0.005 -22"><span class='ocrx_word' id='word_1_10' title='bbox 134 990 261 1080; x_wconf 75' lang='lat' dir='ltr'><strong>Agam.</strong></span> <span class='ocrx_word' id='word_1_11' title='bbox 286 994 330 1060; x_wconf 91' lang='lat'><strong>10</strong></span> <span class='ocrx_word' id='word_1_12' title='bbox 353 993 507 1071; x_wconf 80' lang='grc' dir='ltr'><strong><em>οὶλῶοιμος</em></strong></span> <span class='ocrx_word' id='word_1_13' title='bbox 531 991 639 1070; x_wconf 77' lang='grc' dir='ltr'><strong><em>βοὶξος,</em></strong></span> <span class='ocrx_word' id='word_1_14' title='bbox 665 993 757 1082; x_wconf 87' lang='lat' dir='ltr'><strong>Sept.</strong></span> <span class='ocrx_word' id='word_1_15' title='bbox 782 993 847 1059; x_wconf 82' lang='lat'><strong>635</strong></span> <span class='ocrx_word' id='word_1_16' title='bbox 871 987 1025 1068; x_wconf 69' lang='grc' dir='ltr'><strong>ἁλώσιμος</strong></span> <span class='ocrx_word' id='word_1_17' title='bbox 1049 994 1155 1056; x_wconf 80' lang='grc' dir='ltr'><strong><em>ααοῐοο.</em></strong></span> 
     </span>
     <span class='ocr_line' id='line_1_4' title="bbox 180 1134 1261 1217; baseline -0.006 -12"><span class='ocrx_word' id='word_1_18' title='bbox 180 1137 219 1205; x_wconf 93' lang='lat' dir='ltr'><strong>in</strong></span> <span class='ocrx_word' id='word_1_19' title='bbox 243 1141 313 1210; x_wconf 78' lang='grc' dir='ltr'><strong><em>ὦτος</em></strong></span> <span class='ocrx_word' id='word_1_20' title='bbox 337 1163 344 1205; x_wconf 94' lang='lat'><strong>:</strong></span> <span class='ocrx_word' id='word_1_21' title='bbox 367 1138 462 1206; x_wconf 87' lang='lat' dir='ltr'><strong>Pers.</strong></span> <span class='ocrx_word' id='word_1_22' title='bbox 495 1138 561 1206; x_wconf 83' lang='lat'><strong>390</strong></span> <span class='ocrx_word' id='word_1_23' title='bbox 590 1140 724 1212; x_wconf 76' lang='grc' dir='ltr'><strong><em>νηοοῶτος</em></strong></span> <span class='ocrx_word' id='word_1_24' title='bbox 755 1136 870 1217; x_wconf 80' lang='grc' dir='ltr'><strong><em>πέτρα,</em></strong></span> <span class='ocrx_word' id='word_1_25' title='bbox 894 1137 937 1202; x_wconf 84' lang='lat' dir='ltr'><strong>fr.</strong></span> <span class='ocrx_word' id='word_1_26' title='bbox 960 1136 1003 1202; x_wconf 88' lang='lat'><strong>41</strong></span> <span class='ocrx_word' id='word_1_27' title='bbox 1029 1157 1037 1200; x_wconf 79' lang='lat' dir='ltr'><strong>t</strong></span> <span class='ocrx_word' id='word_1_28' title='bbox 1062 1136 1083 1201; x_wconf 87' lang='grc'><strong>6</strong></span> <span class='ocrx_word' id='word_1_29' title='bbox 1106 1134 1261 1214; x_wconf 75' lang='grc' dir='ltr'><em>δενδρῶτις</em></span> 
     </span>
    </p>
   </div>
   <div class='ocr_carea' id='block_1_3' title="bbox 135 1277 1264 1491">
    <p class='ocr_par' dir='ltr' id='par_1_3' title="bbox 135 1277 1264 1491">
     <span class='ocr_line' id='line_1_5' title="bbox 135 1277 1121 1366; baseline 0.002 -24"><span class='ocrx_word' id='word_1_30' title='bbox 135 1277 197 1360; x_wconf 66' lang='grc' dir='ltr'><strong>ἔρα</strong></span> <span class='ocrx_word' id='word_1_31' title='bbox 222 1279 427 1366; x_wconf 86' lang='lat' dir='ltr'><strong>(Hermanni</strong></span> <span class='ocrx_word' id='word_1_32' title='bbox 450 1280 645 1348; x_wconf 79' lang='lat' dir='ltr'><strong>coniectura</strong></span> <span class='ocrx_word' id='word_1_33' title='bbox 667 1302 710 1347; x_wconf 83' lang='lat' dir='ltr'><strong>ax</strong></span> <span class='ocrx_word' id='word_1_34' title='bbox 732 1278 853 1358; x_wconf 76' lang='grc' dir='ltr'><strong><em>δένδρων</em></strong></span> <span class='ocrx_word' id='word_1_35' title='bbox 876 1301 923 1350; x_wconf 74' lang='grc' dir='ltr'><strong>τις</strong></span> <span class='ocrx_word' id='word_1_36' title='bbox 947 1277 1121 1363; x_wconf 79' lang='lat' dir='ltr'><strong>codicum.)</strong></span> 
     </span>
     <span class='ocr_line' id='line_1_6' title="bbox 181 1422 1264 1491; baseline -0.001 -2"><span class='ocrx_word' id='word_1_37' title='bbox 181 1423 312 1491; x_wconf 85' lang='lat' dir='ltr'><strong>Eodem</strong></span> <span class='ocrx_word' id='word_1_38' title='bbox 342 1423 438 1491; x_wconf 89' lang='lat' dir='ltr'><strong>modo</strong></span> <span class='ocrx_word' id='word_1_39' title='bbox 469 1423 674 1491; x_wconf 84' lang='lat' dir='ltr'><strong>Dettweiler</strong></span> <span class='ocrx_word' id='word_1_40' title='bbox 702 1422 830 1490; x_wconf 86' lang='lat' dir='ltr'><strong>dietum</strong></span> <span class='ocrx_word' id='word_1_41' title='bbox 854 1445 927 1490; x_wconf 86' lang='lat' dir='ltr'><strong>esee</strong></span> <span class='ocrx_word' id='word_1_42' title='bbox 951 1422 1028 1490; x_wconf 89' lang='lat' dir='ltr'><strong>vult</strong></span> <span class='ocrx_word' id='word_1_43' title='bbox 1050 1422 1264 1490; x_wconf 82' lang='lat' dir='ltr'><strong>Homericum</strong></span> 
     </span>
    </p>
   </div>
   <div class='ocr_carea' id='block_1_4' title="bbox 137 1561 1264 1647">
    <p class='ocr_par' dir='ltr' id='par_1_4' title="bbox 137 1561 1264 1647">
     <span class='ocr_line' id='line_1_7' title="bbox 137 1561 1264 1647; baseline 0.001 -17"><span class='ocrx_word' id='word_1_44' title='bbox 137 1564 253 1630; x_wconf 78' lang='grc' dir='ltr'><strong><em>δούλιον</em></strong></span> <span class='ocrx_word' id='word_1_45' title='bbox 286 1561 386 1647; x_wconf 79' lang='grc' dir='ltr'><strong><em>ἦμαρ,</em></strong></span> <span class='ocrx_word' id='word_1_46' title='bbox 422 1565 558 1644; x_wconf 79' lang='grc' dir='ltr'><strong><em>νόστιμον</em></strong></span> <span class='ocrx_word' id='word_1_47' title='bbox 592 1561 693 1646; x_wconf 76' lang='grc' dir='ltr'><strong><em>ἦμαρ,</em></strong></span> <span class='ocrx_word' id='word_1_48' title='bbox 728 1566 897 1634; x_wconf 86' lang='lat' dir='ltr'><strong>adieetivo</strong></span> <span class='ocrx_word' id='word_1_49' title='bbox 930 1565 1058 1633; x_wconf 90' lang='lat' dir='ltr'><strong>nomini</strong></span> <span class='ocrx_word' id='word_1_50' title='bbox 1091 1565 1264 1633; x_wconf 82' lang='lat' dir='ltr'><strong>abstracto</strong></span> 
     </span>
    </p>
   </div>
   <div class='ocr_carea' id='block_1_5' title="bbox 136 1707 1266 3942">
    <p class='ocr_par' dir='ltr' id='par_1_5' title="bbox 136 1707 683 1798">
     <span class='ocr_line' id='line_1_8' title="bbox 136 1707 683 1798; baseline 0.007 -26"><span class='ocrx_word' id='word_1_51' title='bbox 136 1707 295 1782; x_wconf 74' lang='grc' dir='ltr'><strong><em>δουλείας,</em></strong></span> <span class='ocrx_word' id='word_1_52' title='bbox 318 1709 418 1774; x_wconf 78' lang='grc' dir='ltr'><strong><em>νόστου</em></strong></span> <span class='ocrx_word' id='word_1_53' title='bbox 447 1709 683 1798; x_wconf 80' lang='lat' dir='ltr'><strong>respondente.</strong></span> 
     </span>
    </p>

    <p class='ocr_par' dir='ltr' id='par_1_6' title="bbox 137 1849 1264 2372">
     <span class='ocr_line' id='line_1_9' title="bbox 181 1849 1264 1941; baseline -0.001 -24"><span class='ocrx_word' id='word_1_54' title='bbox 181 1849 274 1918; x_wconf 87' lang='lat' dir='ltr'><strong>Item</strong></span> <span class='ocrx_word' id='word_1_55' title='bbox 308 1851 343 1918; x_wconf 90' lang='lat' dir='ltr'><strong>J.</strong></span> <span class='ocrx_word' id='word_1_56' title='bbox 377 1850 533 1920; x_wconf 81' lang='lat' dir='ltr'><strong>Schmidt</strong></span> <span class='ocrx_word' id='word_1_57' title='bbox 554 1874 611 1940; x_wconf 85' lang='lat' dir='ltr'><strong>pg.</strong></span> <span class='ocrx_word' id='word_1_58' title='bbox 636 1853 696 1936; x_wconf 87' lang='lat'><strong>14,</strong></span> <span class='ocrx_word' id='word_1_59' title='bbox 728 1850 895 1920; x_wconf 82' lang='lat' dir='ltr'><strong>Romheld</strong></span> <span class='ocrx_word' id='word_1_60' title='bbox 917 1873 971 1941; x_wconf 84' lang='lat' dir='ltr'><strong>pg.</strong></span> <span class='ocrx_word' id='word_1_61' title='bbox 999 1851 1080 1935; x_wconf 85' lang='lat'>190,</span> <span class='ocrx_word' id='word_1_62' title='bbox 1120 1850 1264 1917; x_wconf 83' lang='lat' dir='ltr'><strong>Kiihner</strong></span> 
     </span>
     <span class='ocr_line' id='line_1_10' title="bbox 137 1993 1263 2084; baseline 0 -24"><span class='ocrx_word' id='word_1_63' title='bbox 137 1993 257 2083; x_wconf 80' lang='lat' dir='ltr'><strong>II·pg.</strong></span> <span class='ocrx_word' id='word_1_64' title='bbox 281 1995 359 2061; x_wconf 76' lang='lat'><strong>225.</strong></span> <span class='ocrx_word' id='word_1_65' title='bbox 391 1993 461 2061; x_wconf 86' lang='lat' dir='ltr'><strong>Cur</strong></span> <span class='ocrx_word' id='word_1_66' title='bbox 483 1997 599 2061; x_wconf 89' lang='lat' dir='ltr'><strong>tamen</strong></span> <span class='ocrx_word' id='word_1_67' title='bbox 622 1994 725 2062; x_wconf 87' lang='lat' dir='ltr'><strong>aliam</strong></span> <span class='ocrx_word' id='word_1_68' title='bbox 747 1999 923 2084; x_wconf 81' lang='lat' dir='ltr'><strong>praestare</strong></span> <span class='ocrx_word' id='word_1_69' title='bbox 945 1993 1263 2082; x_wconf 76' lang='lat' dir='ltr'>interpretationem</span> 
     </span>
     <span class='ocr_line' id='line_1_11' title="bbox 137 2136 1264 2227; baseline -0.003 -22"><span class='ocrx_word' id='word_1_70' title='bbox 137 2137 191 2205; x_wconf 91' lang='lat' dir='ltr'><strong>his</strong></span> <span class='ocrx_word' id='word_1_71' title='bbox 232 2136 429 2227; x_wconf 87' lang='lat' dir='ltr'><strong>talibusque</strong></span> <span class='ocrx_word' id='word_1_72' title='bbox 470 2136 711 2222; x_wconf 82' lang='lat' dir='ltr'><strong>locutionibus,</strong></span> <span class='ocrx_word' id='word_1_73' title='bbox 747 2137 868 2227; x_wconf 87' lang='lat' dir='ltr'><strong>quihus</strong></span> <span class='ocrx_word' id='word_1_74' title='bbox 910 2136 1036 2224; x_wconf 76' lang='lat' dir='ltr'><strong>tragici</strong></span> <span class='ocrx_word' id='word_1_75' title='bbox 1079 2137 1264 2205; x_wconf 87' lang='lat' dir='ltr'><strong>Homerum</strong></span> 
     </span>
     <span class='ocr_line' id='line_1_12' title="bbox 137 2282 1124 2372; baseline 0 -23"><span class='ocrx_word' id='word_1_76' title='bbox 137 2282 268 2350; x_wconf 85' lang='lat' dir='ltr'><strong>imitati</strong></span> <span class='ocrx_word' id='word_1_77' title='bbox 291 2286 387 2366; x_wconf 87' lang='lat' dir='ltr'><strong>sunt,</strong></span> <span class='ocrx_word' id='word_1_78' title='bbox 412 2305 620 2368; x_wconf 78' lang='lat' dir='ltr'><strong>censeamus,</strong></span> <span class='ocrx_word' id='word_1_79' title='bbox 645 2284 715 2351; x_wconf 90' lang='lat' dir='ltr'><strong>iam</strong></span> <span class='ocrx_word' id='word_1_80' title='bbox 737 2283 884 2353; x_wconf 85' lang='lat' dir='ltr'><strong>vidimus</strong></span> <span class='ocrx_word' id='word_1_81' title='bbox 906 2306 962 2372; x_wconf 82' lang='lat' dir='ltr'><strong>pg.</strong></span> <span class='ocrx_word' id='word_1_82' title='bbox 987 2284 1029 2350; x_wconf 85' lang='lat'><strong>15</strong></span> <span class='ocrx_word' id='word_1_83' title='bbox 1054 2306 1124 2372; x_wconf 85' lang='lat' dir='ltr'><strong>sqq.</strong></span> 
     </span>
    </p>

    <p class='ocr_par' dir='ltr' id='par_1_7' title="bbox 137 2423 1266 3942">
     <span class='ocr_line' id='line_1_13' title="bbox 183 2423 1263 2516; baseline -0.001 -24"><span class='ocrx_word' id='word_1_84' title='bbox 183 2425 361 2493; x_wconf 84' lang='lat' dir='ltr'><strong>Liberiora</strong></span> <span class='ocrx_word' id='word_1_85' title='bbox 395 2449 474 2510; x_wconf 89' lang='lat' dir='ltr'><strong>usu,</strong></span> <span class='ocrx_word' id='word_1_86' title='bbox 509 2450 574 2516; x_wconf 89' lang='lat' dir='ltr'><strong>quo</strong></span> <span class='ocrx_word' id='word_1_87' title='bbox 610 2426 763 2516; x_wconf 83' lang='lat' dir='ltr'><strong>epitheta</strong></span> <span class='ocrx_word' id='word_1_88' title='bbox 797 2426 964 2516; x_wconf 78' lang='lat' dir='ltr'><strong>simplicia</strong></span> <span class='ocrx_word' id='word_1_89' title='bbox 994 2425 1185 2492; x_wconf 87' lang='lat' dir='ltr'><strong>nominibus</strong></span> <span class='ocrx_word' id='word_1_90' title='bbox 1208 2423 1263 2492; x_wconf 90' lang='lat' dir='ltr'><strong>ad-</strong></span> 
     </span>
     <span class='ocr_line' id='line_1_14' title="bbox 138 2566 1263 2654; baseline -0.001 -20"><span class='ocrx_word' id='word_1_91' title='bbox 138 2567 285 2646; x_wconf 81' lang='lat' dir='ltr'><strong>duntur,</strong></span> <span class='ocrx_word' id='word_1_92' title='bbox 322 2569 523 2653; x_wconf 82' lang='lat' dir='ltr'><strong>constituto,</strong></span> <span class='ocrx_word' id='word_1_93' title='bbox 559 2567 751 2636; x_wconf 88' lang='lat' dir='ltr'><strong>mirandum</strong></span> <span class='ocrx_word' id='word_1_94' title='bbox 784 2593 851 2636; x_wconf 91' lang='lat' dir='ltr'><strong>non</strong></span> <span class='ocrx_word' id='word_1_95' title='bbox 886 2571 955 2652; x_wconf 88' lang='lat' dir='ltr'><strong>est,</strong></span> <span class='ocrx_word' id='word_1_96' title='bbox 991 2568 1036 2637; x_wconf 86' lang='lat' dir='ltr'><strong>ad</strong></span> <span class='ocrx_word' id='word_1_97' title='bbox 1071 2566 1263 2654; x_wconf 82' lang='lat' dir='ltr'><strong>analogiam</strong></span> 
     </span>
     <span class='ocr_line' id='line_1_15' title="bbox 137 2709 1264 2800; baseline -0.001 -23"><span class='ocrx_word' id='word_1_98' title='bbox 137 2711 238 2778; x_wconf 89' lang='lat' dir='ltr'><strong>huius</strong></span> <span class='ocrx_word' id='word_1_99' title='bbox 275 2710 409 2798; x_wconf 85' lang='lat' dir='ltr'><strong>generis</strong></span> <span class='ocrx_word' id='word_1_100' title='bbox 444 2711 578 2779; x_wconf 79' lang='lat' dir='ltr'><strong>dicendi</strong></span> <span class='ocrx_word' id='word_1_101' title='bbox 601 2712 750 2800; x_wconf 84' lang='lat' dir='ltr'><strong>tragioos</strong></span> <span class='ocrx_word' id='word_1_102' title='bbox 774 2712 879 2780; x_wconf 88' lang='lat' dir='ltr'><strong>etiam</strong></span> <span class='ocrx_word' id='word_1_103' title='bbox 903 2710 1057 2800; x_wconf 83' lang='lat' dir='ltr'><strong>epitheta</strong></span> <span class='ocrx_word' id='word_1_104' title='bbox 1080 2709 1264 2798; x_wconf 83' lang='lat' dir='ltr'><strong>composita</strong></span> 
     </span>
     <span class='ocr_line' id='line_1_16' title="bbox 138 2851 1265 2943; baseline -0.002 -23"><span class='ocrx_word' id='word_1_105' title='bbox 138 2854 255 2921; x_wconf 88' lang='lat' dir='ltr'><strong>eodem</strong></span> <span class='ocrx_word' id='word_1_106' title='bbox 286 2857 385 2942; x_wconf 78' lang='lat' dir='ltr'><strong>paeto</strong></span> <span class='ocrx_word' id='word_1_107' title='bbox 415 2876 490 2921; x_wconf 86' lang='lat' dir='ltr'><strong>oum</strong></span> <span class='ocrx_word' id='word_1_108' title='bbox 518 2855 743 2923; x_wconf 78' lang='lat' dir='ltr'><strong>substantivis</strong></span> <span class='ocrx_word' id='word_1_109' title='bbox 767 2855 935 2943; x_wconf 83' lang='lat' dir='ltr'><strong>copulare.</strong></span> <span class='ocrx_word' id='word_1_110' title='bbox 967 2854 1042 2921; x_wconf 88' lang='lat' dir='ltr'><strong>Iam</strong></span> <span class='ocrx_word' id='word_1_111' title='bbox 1067 2876 1109 2920; x_wconf 85' lang='lat' dir='ltr'><strong>ex</strong></span> <span class='ocrx_word' id='word_1_112' title='bbox 1131 2851 1265 2919; x_wconf 85' lang='lat' dir='ltr'><strong>Helene</strong></span> 
     </span>
     <span class='ocr_line' id='line_1_17' title="bbox 137 2992 1264 3080; baseline -0.004 -16"><span class='ocrx_word' id='word_1_113' title='bbox 137 2995 320 3066; x_wconf 81' lang='lat' dir='ltr'><strong>attulimus</strong></span> <span class='ocrx_word' id='word_1_114' title='bbox 355 2993 524 3076; x_wconf 68' lang='grc' dir='ltr'><strong><em>ναύφθορος</em></strong></span> <span class='ocrx_word' id='word_1_115' title='bbox 557 2996 667 3071; x_wconf 77' lang='grc' dir='ltr'><strong><em>στολή,</em></strong></span> <span class='ocrx_word' id='word_1_116' title='bbox 702 2995 867 3078; x_wconf 71' lang='grc' dir='ltr'><strong><em>οαύφθοροο</em></strong></span> <span class='ocrx_word' id='word_1_117' title='bbox 902 2996 1029 3061; x_wconf 80' lang='grc' dir='ltr'><em>πέπλοι.</em></span> <span class='ocrx_word' id='word_1_118' title='bbox 1052 2996 1157 3062; x_wconf 89' lang='lat' dir='ltr'><strong>Porro</strong></span> <span class='ocrx_word' id='word_1_119' title='bbox 1181 2992 1264 3080; x_wconf 82' lang='lat' dir='ltr'><strong>legi-</strong></span> 
     </span>
     <span class='ocr_line' id='line_1_18' title="bbox 137 3136 1263 3220; baseline -0.005 -14"><span class='ocrx_word' id='word_1_120' title='bbox 137 3163 211 3207; x_wconf 87' lang='lat' dir='ltr'><strong>mus</strong></span> <span class='ocrx_word' id='word_1_121' title='bbox 242 3137 338 3206; x_wconf 88' lang='lat' dir='ltr'><strong>Pers.</strong></span> <span class='ocrx_word' id='word_1_122' title='bbox 372 3139 436 3206; x_wconf 83' lang='lat'><strong>106</strong></span> <span class='ocrx_word' id='word_1_123' title='bbox 471 3136 692 3220; x_wconf 66' lang='grc' dir='ltr'><strong>ἱππιοχάρμας</strong></span> <span class='ocrx_word' id='word_1_124' title='bbox 714 3137 851 3212; x_wconf 72' lang='grc' dir='ltr'><strong><em>κλόνους,</em></strong></span> <span class='ocrx_word' id='word_1_125' title='bbox 875 3138 1017 3206; x_wconf 81' lang='lat' dir='ltr'><strong>Hecuba</strong></span> <span class='ocrx_word' id='word_1_126' title='bbox 1040 3139 1107 3205; x_wconf 81' lang='lat'><strong>254</strong></span> <span class='ocrx_word' id='word_1_127' title='bbox 1129 3137 1263 3214; x_wconf 72' lang='grc' dir='ltr'><strong><em>δημηγό-</em></strong></span> 
     </span>
     <span class='ocr_line' id='line_1_19' title="bbox 138 3279 1264 3363; baseline 0 -17"><span class='ocrx_word' id='word_1_128' title='bbox 138 3305 201 3362; x_wconf 84' lang='grc' dir='ltr'><strong><em>ρους</em></strong></span> <span class='ocrx_word' id='word_1_129' title='bbox 223 3281 334 3360; x_wconf 67' lang='grc' dir='ltr'><strong><em>τιμὰς.</em></strong></span> <span class='ocrx_word' id='word_1_130' title='bbox 357 3281 433 3350; x_wconf 82' lang='lat' dir='ltr'><strong>Alo.</strong></span> <span class='ocrx_word' id='word_1_131' title='bbox 457 3284 523 3350; x_wconf 85' lang='lat'><strong>549</strong></span> <span class='ocrx_word' id='word_1_132' title='bbox 544 3284 680 3363; x_wconf 70' lang='grc' dir='ltr'><strong><em>κλῄσατε</em></strong></span> <span class='ocrx_word' id='word_1_133' title='bbox 704 3279 800 3363; x_wconf 70' lang='grc' dir='ltr'><strong><em>θύρας</em></strong></span> <span class='ocrx_word' id='word_1_134' title='bbox 824 3280 1005 3359; x_wconf 82' lang='grc' dir='ltr'><strong><em>μεοαύλοος.</em></strong></span> <span class='ocrx_word' id='word_1_135' title='bbox 1031 3280 1145 3348; x_wconf 87' lang='lat' dir='ltr'><strong>Minus</strong></span> <span class='ocrx_word' id='word_1_136' title='bbox 1171 3302 1264 3347; x_wconf 85' lang='lat' dir='ltr'><strong>aeon·</strong></span> 
     </span>
     <span class='ocr_line' id='line_1_20' title="bbox 137 3422 1264 3512; baseline -0.004 -21"><span class='ocrx_word' id='word_1_137' title='bbox 137 3433 216 3493; x_wconf 81' lang='lat' dir='ltr'><strong>rate</strong></span> <span class='ocrx_word' id='word_1_138' title='bbox 251 3424 503 3512; x_wconf 72' lang='lat' dir='ltr'><strong>interpretatur</strong></span> <span class='ocrx_word' id='word_1_139' title='bbox 538 3425 744 3493; x_wconf 86' lang='lat' dir='ltr'><strong>Dettweiler</strong></span> <span class='ocrx_word' id='word_1_140' title='bbox 766 3425 876 3492; x_wconf 88' lang='lat' dir='ltr'><strong>locum</strong></span> <span class='ocrx_word' id='word_1_141' title='bbox 898 3422 1145 3512; x_wconf 82' lang='lat' dir='ltr'><strong>Aeschyleum:</strong></span> <span class='ocrx_word' id='word_1_142' title='bbox 1169 3423 1264 3488; x_wconf 74' lang='grc' dir='ltr'><strong><em>κλάοοο</em></strong></span> 
     </span>
     <span class='ocr_line' id='line_1_21' title="bbox 140 3564 1263 3656; baseline 0.009 -26"><span class='ocrx_word' id='word_1_143' title='bbox 140 3567 371 3647; x_wconf 78' lang='grc' dir='ltr'><strong><em>ἓααιοχαρμῶο,</em></strong></span> <span class='ocrx_word' id='word_1_144' title='bbox 402 3567 571 3636; x_wconf 72' lang='lat' dir='ltr'><strong>Romheld</strong></span> <span class='ocrx_word' id='word_1_145' title='bbox 596 3567 687 3636; x_wconf 86' lang='lat' dir='ltr'><strong>looos</strong></span> <span class='ocrx_word' id='word_1_146' title='bbox 708 3568 927 3656; x_wconf 80' lang='lat' dir='ltr'><strong>Euripideos:</strong></span> <span class='ocrx_word' id='word_1_147' title='bbox 953 3564 1125 3647; x_wconf 63' lang='grc' dir='ltr'><strong><em>δημηγόρον</em></strong></span> <span class='ocrx_word' id='word_1_148' title='bbox 1147 3566 1263 3644; x_wconf 66' lang='grc' dir='ltr'><strong><em>τομὰς,</em></strong></span> 
     </span>
     <span class='ocr_line' id='line_1_22' title="bbox 142 3707 1266 3797; baseline 0.003 -23"><span class='ocrx_word' id='word_1_149' title='bbox 142 3707 239 3790; x_wconf 71' lang='grc' dir='ltr'><strong><em>θύρας</em></strong></span> <span class='ocrx_word' id='word_1_150' title='bbox 262 3708 433 3786; x_wconf 65' lang='lat' dir='ltr'><strong>psautier.</strong></span> <span class='ocrx_word' id='word_1_151' title='bbox 459 3711 512 3778; x_wconf 80' lang='lat' dir='ltr'><strong>Ad</strong></span> <span class='ocrx_word' id='word_1_152' title='bbox 534 3712 618 3778; x_wconf 89' lang='lat' dir='ltr'><strong>bene</strong></span> <span class='ocrx_word' id='word_1_153' title='bbox 640 3715 749 3778; x_wconf 83' lang='lat' dir='ltr'><strong>totam</strong></span> <span class='ocrx_word' id='word_1_154' title='bbox 768 3710 838 3778; x_wconf 84' lang='lat' dir='ltr'><strong>vim</strong></span> <span class='ocrx_word' id='word_1_155' title='bbox 858 3709 1002 3797; x_wconf 87' lang='lat' dir='ltr'><strong>epitheti</strong></span> <span class='ocrx_word' id='word_1_156' title='bbox 1021 3732 1095 3776; x_wconf 85' lang='lat' dir='ltr'><strong>oum</strong></span> <span class='ocrx_word' id='word_1_157' title='bbox 1110 3711 1266 3777; x_wconf 83' lang='lat' dir='ltr'><strong>substan·</strong></span> 
     </span>
     <span class='ocr_line' id='line_1_23' title="bbox 143 3850 1265 3942; baseline 0.002 -24"><span class='ocrx_word' id='word_1_158' title='bbox 143 3853 215 3921; x_wconf 83' lang='lat' dir='ltr'><strong>tivo</strong></span> <span class='ocrx_word' id='word_1_159' title='bbox 249 3852 422 3920; x_wconf 80' lang='lat' dir='ltr'><strong>coniuncti</strong></span> <span class='ocrx_word' id='word_1_160' title='bbox 455 3853 697 3942; x_wconf 84' lang='lat' dir='ltr'><strong>assequendam</strong></span> <span class='ocrx_word' id='word_1_161' title='bbox 731 3850 933 3920; x_wconf 86' lang='lat' dir='ltr'><strong>vertendum</strong></span> <span class='ocrx_word' id='word_1_162' title='bbox 968 3855 1037 3918; x_wconf 86' lang='lat' dir='ltr'><strong>est:</strong></span> <span class='ocrx_word' id='word_1_163' title='bbox 1073 3852 1265 3939; x_wconf 82' lang='lat' dir='ltr'><strong>„ruiterge</strong></span> 
     </span>
    </p>
   </div>
   <div class='ocr_carea' id='block_1_6' title="bbox 143 3994 1264 4086">
    <p class='ocr_par' dir='ltr' id='par_1_8' title="bbox 143 3994 1264 4086">
     <span class='ocr_line' id='line_1_24' title="bbox 143 3994 1264 4086; baseline -0.001 -21"><span class='ocrx_word' id='word_1_164' title='bbox 143 3994 227 4064; x_wconf 84' lang='lat' dir='ltr'><strong>wool</strong></span> <span class='ocrx_word' id='word_1_165' title='bbox 237 3996 266 4080; x_wconf 90' lang='lat'><strong>,”</strong></span> <span class='ocrx_word' id='word_1_166' title='bbox 305 3995 612 4080; x_wconf 75' lang='lat' dir='ltr'><strong>„redenaarseer,’&#39;</strong></span> <span class='ocrx_word' id='word_1_167' title='bbox 653 3995 853 4080; x_wconf 78' lang='lat' dir='ltr'><strong>„hofdeun”</strong></span> <span class='ocrx_word' id='word_1_168' title='bbox 888 3994 965 4063; x_wconf 84' lang='lat' dir='ltr'><strong>Hae</strong></span> <span class='ocrx_word' id='word_1_169' title='bbox 996 3995 1084 4062; x_wconf 89' lang='lat' dir='ltr'><strong>enim</strong></span> <span class='ocrx_word' id='word_1_170' title='bbox 1107 3998 1264 4086; x_wconf 75' lang='lat' dir='ltr'><strong>composi·</strong></span> 
     </span>
    </p>
   </div>
   <div class='ocr_carea' id='block_1_7' title="bbox 142 4215 1267 4492">
    <p class='ocr_par' dir='ltr' id='par_1_9' title="bbox 142 4215 1267 4492">
     <span class='ocr_line' id='line_1_25' title="bbox 187 4215 1266 4296; baseline 0.005 -20"><span class='ocrx_word' id='word_1_171' title='bbox 187 4215 215 4296; x_wconf 89' lang='lat'><strong>¹)</strong></span> <span class='ocrx_word' id='word_1_172' title='bbox 235 4217 291 4277; x_wconf 82' lang='lat' dir='ltr'><strong>Ubi</strong></span> <span class='ocrx_word' id='word_1_173' title='bbox 322 4221 416 4277; x_wconf 65' lang='lat' dir='ltr'><strong>auum</strong></span> <span class='ocrx_word' id='word_1_174' title='bbox 445 4219 612 4278; x_wconf 76' lang='lat' dir='ltr'><strong>odieofivum</strong></span> <span class='ocrx_word' id='word_1_175' title='bbox 642 4220 705 4278; x_wconf 86' lang='lat' dir='ltr'><strong>eoll.</strong></span> <span class='ocrx_word' id='word_1_176' title='bbox 731 4219 793 4279; x_wconf 90' lang='lat' dir='ltr'><strong>Ion.</strong></span> <span class='ocrx_word' id='word_1_177' title='bbox 817 4220 876 4279; x_wconf 91' lang='grc'><strong>616</strong></span> <span class='ocrx_word' id='word_1_178' title='bbox 896 4221 1018 4284; x_wconf 59' lang='lat' dir='ltr'><strong>oerum</strong></span> <span class='ocrx_word' id='word_1_179' title='bbox 1035 4223 1177 4285; x_wconf 59' lang='lat' dir='ltr'><strong>aarum,</strong></span> <span class='ocrx_word' id='word_1_180' title='bbox 1196 4222 1266 4281; x_wconf 82' lang='lat' dir='ltr'><strong>Aias</strong></span> 
     </span>
     <span class='ocr_line' id='line_1_26' title="bbox 143 4323 1267 4402; baseline 0.002 -14"><span class='ocrx_word' id='word_1_181' title='bbox 143 4323 220 4388; x_wconf 80' lang='lat'>1012</span> <span class='ocrx_word' id='word_1_182' title='bbox 242 4327 377 4390; x_wconf 62' lang='lat' dir='ltr'><strong>emulus</strong></span> <span class='ocrx_word' id='word_1_183' title='bbox 394 4327 524 4389; x_wconf 69' lang='grc' dir='ltr'><strong>πεσήματι</strong></span> <span class='ocrx_word' id='word_1_184' title='bbox 544 4326 660 4386; x_wconf 83' lang='lat' dir='ltr'><strong>fortasse</strong></span> <span class='ocrx_word' id='word_1_185' title='bbox 680 4327 764 4386; x_wconf 85' lang='lat' dir='ltr'><strong>etiam</strong></span> <span class='ocrx_word' id='word_1_186' title='bbox 785 4327 943 4401; x_wconf 82' lang='lat' dir='ltr'><strong>significare</strong></span> <span class='ocrx_word' id='word_1_187' title='bbox 963 4330 1068 4402; x_wconf 84' lang='lat' dir='ltr'><strong>potest:</strong></span> <span class='ocrx_word' id='word_1_188' title='bbox 1089 4327 1181 4387; x_wconf 87' lang='lat' dir='ltr'><strong>letalis</strong></span> <span class='ocrx_word' id='word_1_189' title='bbox 1202 4328 1221 4387; x_wconf 91' lang='lat' dir='ltr'><strong>i.</strong></span> <span class='ocrx_word' id='word_1_190' title='bbox 1242 4347 1267 4390; x_wconf 91' lang='lat' dir='ltr'><strong>e.</strong></span> 
     </span>
     <span class='ocr_line' id='line_1_27' title="bbox 142 4432 403 4492; baseline -0.004 0"><span class='ocrx_word' id='word_1_191' title='bbox 142 4435 257 4492; x_wconf 83' lang='lat' dir='ltr'><strong>mortem</strong></span> <span class='ocrx_word' id='word_1_192' title='bbox 276 4432 403 4492; x_wconf 77' lang='lat' dir='ltr'><strong>afferens.</strong></span> 
     </span>
    </p>
   </div>
   <div class='ocr_carea' id='block_1_8' title="bbox 0 0 1656 5342">
    <p class='ocr_par' dir='ltr' id='par_1_10' title="bbox 0 0 1656 5342">
     <span class='ocr_line' id='line_1_28' title="bbox 0 0 1656 5342; baseline 0 0"><span class='ocrx_word' id='word_1_193' title='bbox 0 0 1656 5342; x_wconf 95' lang='lat' dir='ltr'><strong> </strong></span> 
     </span>
    </p>
   </div>
  </div>
 </body>
</html>
