3296 5342
904 613 967 680 102

417 807 540 893 Agam.
566 808 653 873 1134
688 813 852 880 πολυεπεῖς
886 806 998 888 τέχνοιι
1029 805 1194 888 θεοπιῳδοὶ·
1226 805 1323 885 Φόβον
1348 806 1498 888 Φέρουοιν

374 949 486 1030 τέχνιιι
510 947 684 1032 θεοπιιρδοί,
708 951 730 1014 i.
755 950 785 1038 q.
814 950 1259 1036 „wearzeggerskunsten’'.
1289 949 1318 1032 ¹)
1344 988 1387 997 —

419 1092 563 1180 Ohceph.
591 1094 657 1158 914
680 1093 710 1164 ές
734 1091 842 1167 δόμους
865 1089 1031 1171 δορυξένους
1054 1093 1150 1158 Idem
1174 1091 1355 1187 habemus:

478 1286 492 1318 „
586 1237 650 1301 562
685 1233 766 1311 ξένος
800 1259 835 1300 τε
859 1236 919 1300 κοὶιι
942 1233 1096 1317 δορυξένων
1118 1234 1217 1312 δέμων
1242 1258 1284 1302 ex
1306 1233 1511 1301 coniectura

376 1377 460 1446 satis
494 1379 659 1465 probabili
691 1379 811 1446 Weilii
838 1378 866 1464 ²)
903 1403 963 1465 pro
993 1382 1093 1446 textu
1121 1400 1220 1466 quem
1251 1373 1380 1444 codices
1403 1398 1511 1464 prae-

376 1521 473 1590 bent:
497 1517 578 1596 ξένος
601 1545 636 1584 τε
659 1520 710 1585 uxi
734 1519 880 1600 δορύξενος
904 1519 1009 1597 δέμων.
1037 1521 1112 1588 Non
1137 1521 1225 1586 enim
1249 1519 1387 1586 Orestes
1414 1523 1510 1584 tam-

377 1685 477 1751 quam
499 1663 619 1751 hospes
643 1662 914 1752 Clytaemestrae
938 1664 973 1728 in
997 1665 1130 1729 domum
1153 1662 1258 1728 venit.
1283 1699 1326 1708 -

324 1812 326 1822 '
423 1803 568 1891 Choeph.
593 1809 636 1872 75
661 1804 799 1882 οὶνοέχκοον
821 1805 882 1886 pap
905 1805 1101 1886 ἀμφίπτολιν
1127 1803 1193 1869 &soi
1216 1804 1430 1884 προσήνεγκαν.

423 1946 830 2052 Hermann:'neeessitas
861 1948 1005 2036 duplicis
1033 1947 1133 2014 sedis.
1158 1947 1266 2014 Schcl.
1293 1943 1509 2026 ἓνδιαφέρον

379 2087 494 2153 πόλεων
535 2090 707 2178 explicans
746 2091 855 2158 refert
895 2091 940 2156 ad
985 2089 1183 2178 Euripidem
1227 2088 1388 2154 Androm.
1434 2088 1512 2152 465

381 2230 602 2314 ἄμφιροοέτορες
636 2236 728 2313 κοῦροι
764 2233 806 2300 cf.
841 2233 1000 2320 Hesych:
1033 2230 1254 2312 οέμφιμοέτορες
1277 2231 1302 2294 οἱ
1325 2231 1358 2293 ἐκ
1382 2231 1510 2299 πολλῶν

266 2334 271 2343 ι
382 2378 462 2460 (van
491 2375 701 2442 Herwerden
729 2379 755 2455 ³)
791 2373 825 2452 ἐξ
858 2374 958 2440 ἄλλων
988 2375 1143 2460 coniecit)
1180 2373 1313 2455 ριντέροον
1342 2371 1512 2451 γεγονότες

383 2518 524 2599 ἀδελφοί.
557 2517 714 2599 Αἰσχύλος
748 2517 963 2600 Ἡροιιιλεέδοιις
987 2520 1040 2601 (fr.
1065 2519 1132 2601 70).
1156 2518 1278 2606 Itaque
1304 2513 1512 2595 ιὶριφίπτολις

384 2673 437 2728 est
460 2661 518 2750 qui
541 2661 709 2749 duplicem
731 2661 879 2748 patriam
903 2663 1023 2742 habet,
1046 2667 1087 2728 ut
1109 2659 1331 2741 οὶριφιροοέτορες
1354 2659 1380 2724 ii
1404 2663 1510 2742 sunt,

384 2805 442 2895 qui
476 2804 562 2872 duas
596 2807 722 2872 matres
757 2805 892 2871 habent.
923 2804 999 2870 Non
1021 2807 1114 2869 recte
1137 2802 1314 2868 Blcmfield
1339 2802 1511 2887 interpre-

384 2952 490 3026 tatus
503 2956 572 3014 est:
600 2946 864 3031 „necessitatem
887 2945 964 3011 urbi
987 2945 1264 3027 circumdatam”,
1288 2947 1328 3010 ut
1346 2946 1448 3031 patet
1469 2966 1512 3010 ex

387 3114 424 3158 eo
447 3091 536 3179 quod
559 3090 721 3178 sequitur:
747 3090 780 3153 εἰι
798 3088 858 3169 χοδρ
882 3086 963 3152 οἵιιοιν
983 3085 1124 3167 ποιτρῴιον
1145 3084 1256 3151 δούλιον
1275 3087 1383 3162 εὀοἶχον
1405 3081 1511 3158 οιῖσοιν,

387 3254 472 3320 quae
497 3233 602 3298 verba
625 3231 797 3319 explicant
819 3231 907 3297 illud
929 3228 1126 3311 οὶροφίπτολιν
1151 3227 1299 3306 οὶνοέγιιοον.
1323 3267 1365 3274 -

430 3373 538 3440 Prom.
563 3375 627 3440 389
650 3371 906 3453 δοκρυοέττοοιιτον
929 3370 1006 3454 ῥέος,
1035 3370 1316 3456 „tranenvlced'’.

479 3569 492 3601 „
565 3519 630 3584 789
654 3513 781 3579 οὶντολοιὶ
802 3513 1005 3611 ἡλιοστιβεῖς,
1034 3513 1306 3600 „zonsopgang”.
1332 3539 1375 3559 -·

433 3658 537 3747 Apud
571 3657 876 3746 Euripidem:
977 3688 979 3693 ·

435 4008 461 4079 1)
483 4006 548 4065 Cod.
568 4007 699 4080 praebent
720 4009 860 4075 νισπιρδον
878 4005 912 4062 ad
933 4013 1013 4074 φοβον
1033 4005 1217 4078 pertinentem
1240 4004 1497 4077 «profetcnrrees».

433 4139 462 4218 2)
483 4141 652 4214 Remarques
672 4157 720 4197 sur
739 4140 883 4213 Aeschylo.
906 4139 1000 4197 Revue
1020 4138 1053 4197 de
1073 4139 1175 4197 Philol.
1199 4139 1273 4198 1881
1296 4155 1343 4212 pg.
1365 4137 1413 4196 74.

433 4275 461 4346 3)
482 4274 694 4334 Emendationes
714 4274 831 4332 selectae
850 4273 881 4330 in
902 4272 1082 4347 Hesychium,
1109 4273 1260 4347 Verslagcn
1280 4290 1314 4330 en
1332 4272 1515 4332 Mededeelin·

391 4399 445 4455 gen
465 4381 615 4440 Academia
635 4384 670 4441 3e
691 4379 785 4451 rocks,
805 4380 874 4438 Deel
895 4379 947 4438 XI.
