3296 5342
147 833 253 900 affert
276 833 320 899 ed
342 831 508 920 originem
530 832 669 900 illerum
693 831 963 899 coniunctionum
983 830 1269 916 constituendam

146 979 183 1044 et
217 977 305 1045 bene
338 977 407 1044 iam
439 976 646 1047 Dettweiler
675 999 731 1065 pg.
765 976 807 1042 12
830 975 907 1042 huie
928 973 1056 1042 rationi
1079 973 1272 1063 explicandi

147 1119 196 1188 sic
221 1143 257 1187 se
282 1121 435 1210 opponit:
464 1119 552 1206 „Ioh
573 1119 725 1203 ffirohte,
749 1119 830 1186 desz
853 1141 931 1186 man
955 1116 1061 1185 dureh
1074 1116 1184 1184 dieses
1196 1117 1271 1185 rein

146 1261 376 1331 ouszerliehes
411 1262 753 1345 Sohablonenwesen,
787 1261 852 1330 wie
889 1285 925 1330 es
949 1261 1024 1329 dem
1047 1260 1161 1329 feinen
1185 1261 1271 1350 grie·

146 1405 309 1472 ohisohen
341 1405 610 1494 Spreohgefiihle
647 1405 757 1474 sicher
786 1405 843 1472 nie
873 1405 1107 1488 innewohnte‚
1131 1406 1194 1473 der
1215 1407 1272 1474 In·

146 1546 378 1637 terpretotion
400 1547 493 1616 eines
515 1548 675 1617 Dichters
698 1548 793 1617 mehr
817 1549 973 1634 sohedet,
998 1550 1050 1618 els
1072 1550 1204 1618 ntitzt.''

192 1692 265 1760 Sed
309 1691 395 1760 haee
439 1657 613 1772 finetenus.
656 1692 854 1761 Difficultas
893 1692 1084 1782 explicandi
1119 1694 1272 1783 epitheta

148 1837 350 1925 composite,
394 1837 436 1904 de
470 1837 591 1926 quibus
625 1837 659 1905 J.
696 1836 850 1905 Schmidt
884 1837 1075 1906 accuratius
1106 1860 1270 1927 quaerere

148 1977 320 2063 instituit,
354 1978 513 2067 quoniam
550 1978 727 2062 „homines
761 1978 850 2046 dooti
881 1979 922 2047 de
953 2003 994 2046 ee
1016 2003 1054 2046 re
1076 1981 1133 2048 vel
1155 1984 1273 2049 tacent

150 2119 305 2204 omnino,
340 2120 397 2188 vel
431 2120 467 2187 in
494 2121 769 2189 annotationibus
799 2144 861 2210 per
883 2121 992 2190 lexioe
1016 2126 1051 2190 et
1074 2131 1273 2192 commente-

147 2263 220 2332 rios
253 2262 415 2352 dispersis
446 2263 587 2331 mirifice
611 2264 857 2348 dissentiunt,''
881 2264 984 2332 etiam
1006 2273 1085 2354 post
1108 2288 1163 2350 ee,
1187 2289 1272 2355 quae

147 2407 205 2474 hio
227 2406 283 2474 vir
305 2415 408 2496 atque
431 2408 637 2476 Dettweiler
663 2413 698 2475 et
721 2407 888 2474 Romheld
913 2407 1139 2495 seripserunt,
1165 2409 1274 2475 adhue

150 2553 277 2617 exstet.
311 2548 388 2617 Non
423 2550 530 2618 solum
564 2551 653 2617 enim
687 2551 723 2617 hi
753 2550 855 2619 valde
875 2550 1082 2619 dissentiunt
1104 2552 1196 2619 inter
1219 2575 1272 2637 se,

150 2691 212 2760 sed
240 2692 345 2760 etiem
375 2715 500 2779 magna
524 2696 578 2760 est
599 2693 805 2760 incertitudo
829 2692 1080 2781 interpretandi
1103 2695 1140 2761 in
1163 2695 1273 2782 singn-

150 2834 196 2902 lis
240 2835 460 2925 scriptoribus
501 2835 595 2925 ipsis.
638 2835 696 2903 Sic
736 2836 940 2904 Dettweiler
974 2833 1058 2915 αἷμα
1092 2837 1274 2920 χοιρόκτονον

149 2979 288 3068 passive
314 2980 481 3068 „sanguis
503 2979 597 3069 porei
616 2979 752 3063 ooeisi’',
766 2978 906 3048 Eumen.
920 2981 986 3048 233
1010 2978 1183 3062 καθαρμοῖς
1205 3004 1274 3061 χοι-

152 3121 296 3204 ροκτόνοις
319 3126 433 3190 autem
445 3123 557 3191 aotivo
569 3123 641 3191 soil.
662 3127 713 3187 τοῦ
731 3123 856 3189 κτείνειν
873 3122 942 3196 τοὺς
954 3123 1072 3204 χοίρους
1092 3124 1226 3214 accipit.
1244 3125 1273 3212 ¹)

151 3264 319 3333 Romhsld
342 3263 492 3343 βούθυτον
515 3265 613 3347 ἡμέρα
636 3266 771 3356 passive
794 3266 1044 3356 interpretetur
1070 3267 1185 3353 „dies‚
1209 3290 1275 3359 quo

150 3409 254 3478 boves
289 3408 545 3493 immol-entur”,
581 3409 654 3477 Ion.
691 3411 757 3478 664
790 3408 931 3492 βουθύτῳ
965 3409 1017 3475 σὺν
1051 3412 1135 3496 ἡδονῇ
1171 3436 1274 3498 „eum

150 3551 347 3641 voluptate,
383 3575 470 3642 quae
504 3575 546 3620 ex
575 3550 788 3621 immolandis
817 3555 921 3621 bobus
945 3555 1133 3644 percipitur
1143 3556 1172 3635 ''‚
1196 3555 1272 3624 Ale.

152 3697 242 3765 1156
276 3695 400 3775 βωμοὺς
433 3699 534 3762 κνισοῖν
565 3693 739 3774 βουθύτοισι
770 3702 970 3778 προστροπαῖς
1002 3698 1176 3786 „precibus
1200 3721 1275 3766 eum

152 3843 251 3946 bonm
286 3838 462 3908 sacrifieiis
497 3839 701 3929 (peractis)''.
736 3839 940 3909 Dettweiler
970 3844 1088 3910 'eutem
1125 3839 1275 3921 βούθυτος

152 3984 253 4066 ἡμέρα
296 3983 410 4052 eetivo
445 4005 544 4050 sensu
579 3982 707 4050 dietum
741 4006 814 4051 esse
847 3989 963 4051 censet
996 4007 1058 4073 pro
1091 3985 1190 4066 ἡμέρα
1224 3988 1275 4048 τοῦ

155 4125 241 4192 θύειν
263 4125 332 4200 τοὺς
356 4124 439 4203 βοῦν.
475 4124 584 4208 Quem
615 4127 655 4192 ob
686 4148 757 4193 rem
781 4125 884 4194 eliam
906 4127 998 4197 viem
1020 4128 1274 4217 interpretatio·

197 4418 226 4499 ¹)
246 4420 368 4480 Dindorf
384 4420 475 4480 lexic.
496 4421 597 4482 Aesoh.
618 4437 641 4482 s.
662 4439 702 4482 s:
723 4439 758 4496 „a
776 4423 868 4500 porris
886 4423 1014 4484 mactetis
1033 4422 1223 4499 proveniens.”
