3296 5342
932 609 978 676 -14

391 803 476 871 1592
499 803 652 885 κιεουργάι
678 828 821 888 „earnes
844 805 1052 874 distribuens
1062 806 1079 835 ”
1102 805 1239 893 proprie
1262 806 1304 873 de
1323 805 1516 873 bominibus

389 944 483 1014 diota
504 948 676 1016 translata
699 954 778 1016 sunt
802 949 847 1016 ad
869 956 1018 1036 tempus,
1041 971 1106 1036 quo
1125 948 1201 1036 quis
1222 946 1352 1037 aliquid
1375 948 1450 1034 agit
1467 949 1512 1034 ¹).

389 1087 556 1171 Quoniam
598 1099 713 1158 tamen
753 1085 836 1171 ἦμαρ
875 1090 1046 1180 propriam
1090 1112 1184 1158 suam
1227 1090 1513 1176 significationem
1638 1123 1639 1186 ν

388 1232 520 1299 amittit
544 1233 636 1299 etin
659 1235 868 1301 abstractam
891 1233 1061 1300 notionem
1090 1233 1307 1320 „temporis”
1331 1233 1421 1313 abit,
1441 1232 1513 1320 epi·

386 1372 485 1440 theta
518 1374 582 1441 illa
616 1398 691 1441 eum
725 1375 950 1443 substantivis
986 1375 1028 1441 ad
1059 1375 1227 1442 unitatem
1257 1374 1403 1442 notionis
1435 1397 1513 1442 ‹ioa-¹

386 1515 534 1596 lesount,
569 1522 604 1584 et
634 1518 768 1606 quidem
790 1518 887 1585 illam
910 1518 1080 1585 notionem
1104 1517 1265 1597 aetionis,
1290 1539 1376 1605 quae
1399 1516 1511 1584 adiee-

386 1658 457 1725 tivo
493 1660 701 1747 exprimitur.
739 1659 795 1727 Sic
828 1660 906 1727 Hel.
939 1660 1043 1736 1474,
1079 1658 1139 1726 Ch.
1171 1659 1235 1725 261
1267 1658 1381 1736 βωμοῖς
1404 1656 1514 1741 ἀρήξει

386 1798 546 1876 βουθύτοις
580 1801 610 1865 ἐν
643 1801 773 1878 ἥμασιν,
809 1800 931 1888 Agam.
965 1801 1051 1867 1592
1081 1802 1234 1882 κρεουργὸν
1259 1796 1342 1881 ἦμαρ
1366 1799 1510 1880 εὐθύμως

385 1941 489 2020 ἄνειν,
525 1943 624 2031 Soph.
658 1944 779 2011 Traeh.
813 1944 877 2010 609
902 1942 969 2024 πρὶν
1001 1981 1043 1992 -
1068 1941 1149 2026 δείξῃ
1172 1928 1284 2009 θεοῖσιν
1307 1943 1406 2027 ἡμέρᾳ
1429 1967 1512 2008 rav-

384 2083 547 2166 ροοφοῖνῳ,
567 2078 569 2083 ’
593 2085 760 2153 adieetivo
803 2051 982 2174 composito
1024 2086 1141 2153 addito
1176 2087 1389 2154 substantivo
1422 2081 1508 2169 ἦμαρ

383 2226 470 2293 nihil
493 2227 587 2294 aliud
611 2227 824 2314 significatur
846 2250 946 2316 quam
966 2224 1119 2304 βουθυσία
1137 2227 1177 2314 ²),
1200 2227 1255 2296 vel
1276 2227 1311 2292 τὸ
1331 2225 1511 2304 βουθυτεῖν,

382 2367 555 2450 κρεουργία,
578 2368 813 2450 τυυροοφοιγίοι,
845 2391 1045 2458 quamquam
1067 2369 1151 2436 haee
1176 2370 1391 2439 substantiva
1415 2372 1509 2460 apud

384 2515 532 2600 tragicos
567 2536 632 2578 non
667 2522 857 2579 occurrunt.
887 2512 916 2599 ³)
953 2511 1052 2594 Quod
1085 2512 1208 2600 optime
1244 2511 1324 2579 hine
1353 2513 1510 2600 intelligi

382 2678 478 2744 posse
502 2656 585 2721 mihi
611 2655 762 2739 videtur,
786 2656 875 2743 quod
897 2678 918 2722 a
940 2662 1057 2742 poeta,
1078 2654 1158 2722 aliis
1180 2655 1407 2723 substantivis
1430 2679 1510 2722 eum

383 2796 532 2876 βούθυτος
555 2798 758 2880 doniunetis‚
789 2798 861 2865 iere
884 2797 974 2864 idem
998 2797 1228 2884 significatur,
1258 2798 1355 2866 velut
1379 2796 1508 2867 Aesoh.

383 2941 499 3030 Suppl.
524 2942 605 3007 706:
631 2937 719 3012 θεοὺς
741 2938 829 3004 τίοιεν
852 2939 1056 3021 δαφνηφόροις
1075 2938 1249 3017 βουθύτοισι
1270 2945 1396 3017 τιμαῖς,
1415 2942 1509 3029 quod

426 3193 455 3274 ¹)
486 3197 563 3256 Idem
592 3197 634 3255 vir
660 3197 756 3256 doetus
782 3197 850 3256 uitat
875 3199 1016 3273 complura
1040 3199 1177 3274 exempla,
1199 3215 1213 3257 e
1233 3199 1334 3272 quibus
1355 3201 1430 3273 patet
1452 3199 1508 3260 hoe

382 3304 489 3363 dicendi
519 3321 606 3378 genus
632 3305 716 3363 etiam
736 3304 809 3378 apud
829 3303 981 3363 Hesiodum
1000 3308 1028 3363 et
1047 3305 1209 3379 posteriores
1229 3308 1324 3378 poetas
1344 3321 1509 3365 ooourreres

381 3409 448 3470 Hes.
487 3411 557 3484 Opp.
595 3410 653 3468 502
690 3411 797 3478 βουδόρα
823 3413 926 3483 baaru,
954 3411 1019 3470 ibid.
1053 3410 1126 3482 781,
1160 3409 1217 3470 786
1244 3413 1323 3478 ἡμέρα
1347 3412 1512 3479 &admisces

381 3518 486 3577 Aratus
503 3518 561 3576 824
578 3521 713 3582 βονλύοιοι
729 3523 785 3586 οῖον.
799 3511 937 3577 Nicander
956 3519 1036 3577 Ther.
1057 3518 1120 3590 494ι
1137 3520 1267 3586 ῥιζοτόμος
1283 3521 1339 3587 ὤρη.
1452 3567 1453 3570 ,

425 3625 453 3694 ²)
473 3625 532 3694 Quo
552 3627 632 3684 verbo
652 3626 741 3684 utitur
759 3626 897 3684 Pindarus
916 3625 996 3683 Nem.
1020 3625 1056 3684 10
1077 3647 1084 3683 :
1106 3627 1154 3685 23.
1187 3627 1232 3685 01.
1253 3627 1271 3686 5
1293 3649 1300 3686 ε
1322 3626 1350 3685 6.

424 3733 452 3803 3)
472 3732 573 3790 Nostra
601 3733 714 3806 lingua,
744 3735 852 3791 servata
881 3749 945 3791 voeo
974 3734 1053 3800 ῖμοι,
1081 3732 1169 3792 dicere
1196 3749 1357 3807 possumus:
1384 3733 1417 3792 de
1437 3733 1511 3793 koe-
1638 3763 1639 3768 1

381 3839 526 3912 offer-dag,
556 3839 589 3898 de
619 3839 869 3912 stierslaoht-dag,
900 3857 957 3898 una
983 3839 1058 3897 notio
1084 3856 1168 3912 quam
1200 3840 1296 3899 Graeci
1326 3840 1435 3898 malunt
1455 3858 1509 3900 ex-
1638 3833 1639 3900 l

380 3946 497 4020 primere
513 3946 646 4005 adieetivo
667 3947 815 4021 composito
837 3963 898 4005 oum
920 3946 1092 4005 substantivo
1112 3946 1266 4005 coniurato.
1287 3945 1328 4004 cf.
1339 3946 1504 4021 Bernhardy

381 4051 488 4112 Grieoh.
523 4053 626 4127 Syntax
661 4071 725 4127 pag.
756 4053 829 4112 425:
877 4053 976 4112 «Beim
1017 4051 1144 4125 Adjectiv
1175 4070 1230 4110 war
1260 4051 1307 4111 der
1336 4052 1504 4125 allgemeiue
1638 4023 1639 4112 l

380 4160 594 4234 Gesiohtspunkt
624 4161 672 4219 der
698 4160 906 4219 versohiedenen
935 4160 1058 4217 Autoren
1087 4159 1147 4218 eine
1167 4158 1357 4232 nothwendige
1376 4159 1433 4217 und
1454 4177 1502 4218 un·
1638 4133 1639 4222 l

379 4268 469 4341 gleieh
498 4267 692 4326 ausohauliohe
719 4267 899 4340 Verbindung
929 4266 1070 4324 desselben
1097 4266 1148 4324 mit
1177 4265 1238 4324 dem
1269 4265 1429 4324 Substantiv
1449 4283 1502 4324 an-
1638 4223 1639 4308 l

380 4374 538 4434 audenter.»

1638 4801 1639 4840 i
