3296 5342
150 842 191 910 G.
228 843 413 928 Curtii,
460 844 517 933 qui
558 844 656 913 verbi
700 865 803 911 eausa
836 841 994 930 genetivo
1030 840 1162 917 tuno-ro
1198 839 1273 928 (pro

148 985 285 1072 διμοσιο)
334 987 475 1055 eandem
520 987 685 1074 originem
727 985 916 1054 vindicavit
959 989 1062 1073 atque
1103 983 1274 1052 adieetivo

149 1121 317 1208 δημόσια-ὲ.
346 1131 387 1209 ¹),
411 1130 499 1219 quod
522 1130 664 1198 maxime
689 1125 864 1218 probabile
887 1151 961 1198 esse
984 1129 1131 1198 videtur.
1145 1097 1274 1195 Verum

148 1274 260 1362 igitur
283 1295 357 1342 esse
379 1276 507 1362 potest,
535 1272 669 1362 saepius
692 1273 863 1343 adieetiva
886 1271 1045 1359 genetivo
1067 1270 1275 1339 substantivi

147 1416 372 1506 respondere,
407 1416 585 1505 quodiam
609 1417 699 1504 apud
722 1415 907 1483 Homerum
929 1438 995 1483 non
1018 1437 1098 1482 raro
1121 1414 1273 1483 aoeidere

147 1560 320 1643 videmia,
355 1559 451 1628 velut
484 1559 526 1626 ll.
550 1561 571 1625 2
596 1586 603 1627 :
628 1561 671 1626 54
703 1558 853 1640 Νεσσορέρ
886 1558 972 1640 πυροὶ
993 1557 1057 1633 vni,
1081 1557 1266 1635 Πυληγεοέος

149 1702 316 1780 βασιλῆος,
356 1702 398 1769 Il.
442 1704 463 1769 ὅ
502 1728 509 1768 :
542 1703 606 1769 741
649 1700 769 1782 Γοργείη
809 1700 950 1780 κεΦοέλη,
985 1701 1086 1766 δεινοῖο
1122 1700 1272 1783 πελώρου,

147 1847 189 1916 Il.
223 1849 267 1915 17
292 1873 300 1915 ε
323 1848 393 1913 424
421 1846 562 1926 σιδήρειος
596 1845 783 1928 ὀρυμαγδός,
817 1869 878 1935 pro
912 1844 1060 1928 Νέστορος
1093 1845 1178 1926 nupia
1210 1843 1273 1921 νηῒ,

148 1987 275 2074 Γοργοῦς
310 1991 451 2071 κεφαλὴ,
487 1990 602 2070 σιδήρου
633 1989 813 2070 ὀρυμαγδός.
843 1989 871 2076 ²)
914 1989 1142 2057 Nihilominus
1175 1989 1274 2057 eredo

146 2136 236 2202 hano
272 2133 437 2202 adieetivi
468 2140 505 2201 et
534 2133 688 2220 genetivi
717 2132 1000 2221 permutationem
1024 2131 1121 2200 salva
1143 2154 1211 2198 non
1234 2153 1276 2198 ex

146 2277 237 2346 omni
262 2282 365 2366 parte
388 2275 559 2344 sententia
581 2274 672 2362 fieri3
693 2275 804 2342 immo
827 2297 908 2345 vero
931 2296 1074 2364 parvum
1095 2274 1275 2342 discrimen

145 2422 240 2489 iuter
282 2423 463 2508 utramque
504 2419 745 2488 attributivam
784 2419 927 2486 formam
970 2441 1051 2486 esse.
1107 2416 1274 2486 Genetivo

147 2565 238 2632 enim
260 2563 432 2630 notionem
455 2563 564 2650 magis
586 2562 729 2630 fortuito
753 2561 878 2628 nomini
902 2525 1054 2628 additam
1074 2561 1272 2644 denotante,

147 2708 321 2776 adieetivo
363 2711 477 2775 autem
518 2707 720 2798 qualitatem
761 2706 910 2796 aliquam
941 2706 1069 2772 homini
1102 2710 1275 2793 tammam

147 2850 399 2934 inhaerentem,
427 2850 599 2918 vinculum
620 2849 712 2917 inter
734 2850 940 2918 adieetivum
964 2853 1000 2917 et
1023 2850 1274 2919 substantivum

147 3017 229 3083 prae
264 2993 344 3077 illo,
387 2993 474 3082 quod
508 2998 562 3061 est
593 2994 685 3062 inter
718 2994 916 3081 genetivum
950 2995 986 3060 et
1021 2993 1273 3061 substantivum

149 3138 259 3206 artius
295 3137 483 3225 putandum
517 3144 579 3204 est.
614 3136 717 3204 Cuius
752 3138 802 3205 rei
836 3136 1141 3205 luculentissimum
1164 3159 1272 3204 exem·

149 3282 258 3370 plum,
295 3281 448 3370 quamvis
483 3280 519 3347 in
552 3283 622 3349 looo
656 3281 880 3370 interpolato,
915 3287 1030 3349 exstat
1065 3282 1104 3348 O.
1128 3279 1170 3349 R.
1206 3281 1272 3347 267

149 3425 189 3504 σῷ
225 3421 413 3503 Δοιβδοικείῳ
443 3422 532 3487 συιδ)
562 3422 733 3504 Πολυδώρου
764 3447 818 3496 σε,
852 3425 974 3513 quibus
998 3423 1112 3492 verbis
1135 3424 1267 3512 propin-

150 3566 300 3656 quiorem
343 3566 593 3653 cognationem,
636 3589 721 3656 quae
757 3575 810 3635 est
846 3567 972 3655 Oedipo
1007 3590 1081 3634 oum
1116 3567 1274 3634 Labdaoo

154 3765 358 3777 ——-—

195 3890 220 3961 ¹)
249 3888 285 3946 of.
304 3888 388 3946 etiam
409 3888 440 3947 G.
461 3888 555 3962 Meyer
575 3888 649 3949 curt.
671 3889 748 3948 Stud.
770 3890 811 3948 VI
832 3911 839 3948 ι
860 3907 907 3963 pg.
929 3889 997 3949 250.
1018 3889 1064 3947 W.
1085 3889 1189 3949 Clemm
1208 3890 1273 3949 ibid.

151 3995 208 4054 VII
228 4016 235 4054 ε
257 3996 314 4065 84,
337 3995 385 4054 85.

192 4098 221 4179 ²)
251 4101 314 4160 Nou
345 4103 428 4170 bone,
460 4106 493 4162 ut
523 4104 636 4180 opinor,
666 4121 693 4167 v.
723 4104 856 4166 Leeuvau
885 4103 920 4162 ad
948 4104 1022 4162 hune
1042 4104 1133 4162 looum
1154 4104 1275 4168 σιδήρειοι

152 4207 348 4282 intorpretatur
378 4209 562 4281 «troiana»
593 4211 720 4285 quamvis
746 4210 882 4270 translata
901 4212 968 4268 haee
988 4211 1115 4270 adieetivi
1136 4210 1275 4283 signifiea-

152 4315 190 4374 tio
215 4315 319 4390 optime
345 4333 375 4376 sa
395 4318 495 4376 habeat
515 4317 600 4392 loeis,
628 4334 698 4391 quos
725 4320 865 4390 comparat
891 4317 934 4375 vir
954 4317 1050 4376 doetus
1071 4317 1105 4374 Il.
1128 4316 1167 4378 22
1188 4337 1195 4375 :
1217 4315 1274 4376 357

153 4420 260 4485 σιδήρεος
276 4420 302 4473 iv
319 4423 394 4488 Φρισῖ
411 4427 505 4490 θυμὸς,
521 4424 559 4486 23
581 4445 587 4486 ς
612 4423 667 4484 177
689 4425 713 4476 iv
729 4421 757 4474 il
774 4424 849 4486 πυρὸς
866 4425 936 4486 μένος
952 4419 998 4482 ilar
1016 4422 1135 4489 σιδήριον.
